2107 2860
324 171 421 227 340
935 151 1163 201 CAPur
1204 146 1324 197 XV.

473 312 523 360 9.
598 298 961 348 Veruntamen
978 280 1217 334 motibus
1244 277 1540 342 hodiernis,
1561 281 1790 334 aetiones
1807 303 1902 352 po⁴

329 371 532 441 pulares
557 368 912 416 exoleverunt.
991 353 1264 422 Siquidem
1292 352 1442 404 nullo
1459 354 1667 422 privato
1692 356 1901 410 licitum

329 445 397 496 est
419 441 600 499 hodie,
624 433 897 505 praesertim
917 429 972 478 in
998 431 1185 495 Regno
1214 427 1408 489 Galliae,
1433 425 1672 496 prosequi
1691 430 1905 498 propria

327 514 648 571 authoritate
671 503 873 564 delicta,
889 501 990 555 [ive
1005 501 1213 572 publica
1231 500 1332 553 sive
1353 500 1566 568 privata,
1580 501 1759 570 quoad
1775 504 1906 571 pub-

325 591 489 640 licum
513 576 751 634 intereffe
776 580 825 630 &
839 592 1048 646 poenam
1062 574 1181 627 fisco
1195 574 1578 644 applicandam,
1601 575 1685 626 sed
1698 580 1805 630 hoc
1821 575 1903 628 of-

323 662 503 714 ficium
529 653 704 707 Fiscali
729 665 819 704 aut
851 651 1186 702 Procuratori
1218 649 1386 718 Regio
1408 649 1699 712 incumbit,
1722 665 1779 700 ut
1806 651 1910 702 cri-

322 734 469 787 mina
492 729 701 801 publica
730 725 814 778 sua
837 724 1167 778 accusatione
1200 722 1455 777 vindicet.
1540 728 1907 777 Veruntamen

322 801 561 859 interesse
593 804 859 874 privatum
891 817 1004 871 pars
1040 798 1148 850 laesa
1181 797 1417 868 persequi
1449 797 1618 865 potest
1667 813 1746 867 per
1768 801 1798 850 l.
1820 817 1901 851 un.

329 890 380 934 C.
389 881 444 933 de
460 886 658 932 Sentent.
678 894 768 949 quae
781 890 862 948 pro
882 894 928 928 eo
971 873 1069 925 Ubi
1084 876 1261 924 Petrus
1293 868 1497 927 Rebuff.
1516 875 1568 923 in
1589 887 1763 944 proaem.
1788 881 1905 924 Gon-

311 955 533 1026 stit.Reg.
555 952 678 1021 Gloff.
700 971 739 1010 5.
753 968 876 1002 num.
895 969 973 1012 92.
1012 953 1080 999 Bu
1087 964 1255 1018 gnon.
1280 948 1334 997 de
1351 946 1431 1017 leg.
1458 950 1510 998 in
1525 947 1634 998 Gad.
1659 943 1853 1018 abrogat.
1865 948 1902 1000 l.

326 1050 365 1083 1.
380 1029 469 1096 fin.
495 1046 557 1086 13.
583 1030 999 1095 Graeneuvegen
1027 1024 1083 1076 de
1109 1021 1234 1096 legib.
1265 1017 1459 1091 abrogat.
1491 1024 1543 1074 in
1573 1029 1636 1076 D.
1657 1034 1738 1076 ιιι.
1767 1021 1908 1093 d0po·

322 1104 413 1176 pul.
437 1103 526 1157 αὸῗ.
1572 1118 1575 1120 ’

338 1223 343 1229 ,
995 1177 1035 1227 §-
1101 1173 1138 1217 X
1153 1172 1243 1218 XI.

345 1297 347 1300 Α
460 1254 519 1297 ‘1.
593 1240 664 1291 Sit
680 1238 849 1291 decima
871 1239 1060 1308 Qima
1078 1234 1304 1305 Concltfio.
1345 1243 1510 1287 Contra
1536 1240 1732 1287 Motores
1750 1236 1908 1288 termi-

331 1332 492 1369 norum
509 1313 642 1379 datur
664 1316 966 1363 iuramentum
985 1314 1037 1360 in
1048 1314 1212 1361 Litem.
1292 1310 1421 1374 Non
1447 1308 1615 1360 solum
1642 1327 1738 1378 pro
1762 1309 1910 1362 dam-

333 1389 416 1445 nis
437 1389 485 1439 &
503 1381 759 1447 intereffe,
783 1383 868 1434 sed
891 1384 1051 1434 etiam
1077 1382 1141 1434 ad
1163 1380 1539 1450 probationem
1563 1382 1696 1444 loci,
1717 1384 1773 1434 in
1798 1399 1909 1451 quo

330 1474 454 1513 ante
475 1458 808 1512 amotionem
830 1457 1047 1507 termini
1065 1454 1326 1508 extabant.
1377 1457 1438 1505 Et
1455 1454 1557 1505 hoc
1579 1471 1670 1523 per
1683 1455 1913 1526 Respon-

334 1534 445 1594 sum
469 1533 703 1587 Iavoleni
735 1533 791 1582 in
823 1533 852 1583 l.
878 1551 974 1582 cum
990 1530 1111 1598 fimi
1133 1549 1180 1592 9.
1207 1527 1309 1579 ibi:
1356 1530 1524 1594 jurare
1555 1529 1626 1579 ita
1661 1544 1910 1598 oportet,

333 1608 466 1665 tanti
497 1623 610 1659 rem
638 1601 814 1669 fuisse,
846 1622 969 1656 cum
1000 1604 1204 1656 furtum
1225 1601 1420 1654 fastum
1447 1601 1515 1667 est
1545 1611 1604 1653 D.
1637 1602 1763 1662 dein
1785 1604 1913 1656 litem

318 1681 513 1756 jurand.
540 1698 635 1752 arg.
659 1679 753 1805 Adi
777 1679 975 1751 quando.
991 1699 1035 1741 9.
1060 1677 1152 1730 ibt.-
1189 1694 1284 1745 pro
1310 1676 1515 1744 negotii
1536 1677 1914 1744 qualitate‚Sa-

335 1768 609 1808 eramento
640 1770 678 1804 a:
725 1754 1039 1804 imationem
1066 1768 1241 1803 rerum
1278 1767 1403 1818 quas
1435 1749 1682 1818 perdidit.
1723 1760 1770 1803 C.
1794 1752 1912 1805 unde

337 1834 410 1885 vi.
445 1830 637 1879 Decius
657 1827 757 1879 inl.
778 1825 1082 1878 immanibus
1097 1845 1140 1885 5.
1166 1844 1368 1885 num-13.
1389 1824 1508 1894 Iaſsm
1540 1821 1705 1876 ibidem
1726 1845 1848 1878 num.
1863 1847 1908 1888 3.

334 1911 395 1955 D.
422 1902 516 1957 eod.
538 1905 615 1954 tit.
703 1901 987 1970 Qoniam.
1013 1900 1115 1968 ipsa
1145 1899 1530 1952 Terminorum
1567 1901 1772 1952 amotio
1795 1917 1911 1953 non

331 1977 527 2029 absone
541 1975 910 2026 cumCrimine
922 1972 1553 2043 furticomparari'potest.
1579 1975 1720 2024 Dum
1737 1977 1916 2027 termi‘.

334 2052 391 2102 ni
418 2065 616 2108 motor,
640 2063 899 2118 quantum
923 2051 978 2099 in
994 2049 1037 2100 se
1051 2049 1136 2110 est,
1161 2049 1320 2099 etiarn
1343 2045 1498 2099 fundi
1521 2046 1684 2100 vicini
1705 2047 1913 2103 furtum

336 2125 702 2186 committere,
724 2125 774 2176 δι
793 2137 1000 2175 tantum
1030 2123 1174 2192 spatii
1197 2139 1257 2173 ex
1271 2121 1467 2189 praedio
1496 2121 1660 2173 vicini
1684 2121 1750 2174 ad
1773 2123 1818 2174 se
1839 2142 1914 2175 ra-

337 2215 458 2266 pere
481 2212 662 2248 tentat.
742 2200 811 2251 tel
825 2217 882 2249 ex
899 2199 985 2248 alia
1001 2197 1450 2249 RationedBartolo
1469 2194 1720 2253 addudta:
1740 2197 1912 2267 Qod

337 2271 639 2340 ubicunque
657 2271 930 2341 Qiispiam
956 2271 1125 2337 judici
1155 2286 1266 2322 non
1291 2287 1460 2340 paret,
1483 2271 1703 2339 ejusque
1723 2272 1915 2328 autho-

339 2346 546 2395 ritatem
571 2345 889 2408 contemnit,
912 2346 1069 2396 toties
1096 2360 1282 2397 contra
1307 2361 1427 2396 eum
1449 2347 1645 2410 juratur
1666 2346 1719 2396 in
1743 2346 1912 2409 litem,

334 2418 548 2487 perl.sed
569 2420 625 2476 ῤ’
645 2421 738 2469 loci.
762 2437 811 2476 4.
833 2423 866 2481 §
887 2419 973 2487 ſsd
993 2416 1109 2485 &st
1121 2418 1267 2478 ;.ibt':
1298 2435 1410 2469 non
1435 2432 1625 2487 pareat.
1666 2417 1745 2473 Vbi
1761 2429 1913 2471 Barta-

339 2491 407 2541 lus
431 2498 487 2542 D.
502 2492 660 2554 finium
672 2492 866 2563 Regund.
909 2491 1215 2543 Hieron.de
1240 2495 1445 2543 Monte.
1478 2491 1702 2568 definibm
1715 2493 1910 2565 Regund.

338 2577 430 2633 cap.
443 2572 512 2624 ὄρ.
531 2582 653 2618 nam.
676 2586 714 2627 3·
789 2565 957 2637 Qod
975 2564 1111 2618 adeo
1135 2581 1319 2619 vetum
1335 2565 1421 2629 est,
1438 2566 1635 2619 etiamfi
1649 2566 1793 2620 testes
1807 2565 1916 2616 nes-

1766 2651 1911 2693 ciant
