2107 2860
336 174 436 236 248
956 158 1189 211 caput
1267 154 1425 207 XIV.

1117 259 1263 271 —-

330 309 450 363 fidis
485 321 715 374 namque
745 300 923 354 officio
945 293 1214 347 incumbit
1230 328 1246 356 ‚
1269 306 1329 344 ut
1348 290 1526 359 jubeat
1550 292 1847 359 quemlibet
1868 297 1933 349 ab

329 385 509 436 alieno
543 381 796 432 abstinere
825 379 962 440 juxta
997 369 1285 436 ulpianum
1318 370 1370 419 in
1389 367 1420 421 l.
1428 365 1478 437 si
1492 362 1749 434 constitetiit.
1774 383 1825 425 4.
1846 367 1939 422 ibi-,³

330 463 417 511 Ne
437 456 700 526 quispiam
733 466 844 501 rem
868 446 1096 497 alienam
1120 443 1366 512 usurpare
1387 455 1629 495 attentet.
1657 450 1714 498 C.
1738 443 1835 496 eod.
1859 447 1936 503 tit.

328 537 452 583 Haec
486 529 610 581 ideo
642 543 763 576 cura
798 526 846 576 δι
872 517 1178 570 sollicitudo
1201 535 1317 571 non
1339 517 1555 587 judiciS,
1578 516 1663 569 sed
1685 516 1752 570 ad
1770 518 1938 572 Praefi-

328 606 409 656 dis
430 607 478 656 &
503 601 826 669 Magistratus
857 595 1096 648 officium
1119 595 1379 665 pertinet3
1402 594 1496 660 qui
1521 593 1579 644 in
1603 592 1688 644 sua
1712 596 1935 663 provin·

325 681 406 729 cia
432 684 814 745 Imperatorem
839 671 1188 741 repraesentat.
1264 668 1936 741 Qodbeneanimadver.

326 755 391 804 tit
427 757 629 802 Anton.
657 749 818 801 Faber
848 750 901 800 in
919 747 1122 800 rational.
1149 744 1212 798 ad
1230 745 1345 800 dia.
1363 744 1451 815 ιβ
1465 743 1764 814 irruptione
1787 765 1844 800 ιι.
1868 755 1937 798 D:

328 827 441 884 άῑὲῖ.
467 829 541 878 tit.
561 823 640 891 fbl.
658 844 723 878 m.
746 832 843 888 958.
874 822 1023 878 Hier.‘
1047 821 1113 873 de
1140 825 1354 877 Monte.
1375 821 1430 873 de
1436 817 1572 886 finib.
1584 817 1872 893 regund.cap.
1885 840 1935 875 2.

323 906 404 976 qui
423 898 506 972 sub
531 919 658 956 nam.
683 919 744 957 ιι.
764 897 929 952 tradit.
1000 896 1152 970 Qod
1169 897 1234 949 ad
1249 899 1494 971 principem
1502 897 1693 972 sptem,
1716 895 1798 947 vel
1800 895 1934 967 fina-

326 994 426 1029 tum
439 992 464 1041 ‚·
476 980 554 1050 qui
578 979 679 1028 vice
692 975 906 1047 princepis
917 971 1132 1046 fungitur
1143 1008 1159 1036 ,
1178 974 1351 1045 affigere
1367 972 1579 1041 custodire
1600 973 1814 1024 terminos
1836 990 1935 1045 reg-

324 1069 483 1105 mrum
511 1054 859 1105 territoriorum.
893 1068 988 1121 arg.
1021 1050 1055 1104 l.
1086 1048 1207 1120 quod
1225 1051 1429 1120 princeps
1464 1067 1535 1115 25,
1561 1044 1652 1099 ibi.-
1677 1046 1934 1117 principis

322 1122 471 1196 juffu.
494 1135 559 1181 D.
578 1128 633 1179 de
655 1145 729 1199 aq.
757 1124 816 1186 ὀ*
839 1126 1060 1198 aq.pluv.
1083 1141 1141 1176 ac
1163 1123 1314 1194 quod
1334 1123 1475 1175 actus
1501 1121 1743 1192 ponendi
1762 1122 1934 1175 custo.

321 1201 413 1254 des
443 1200 635 1253 finium
667 1200 843 1270 arguit
879 1203 955 1268 jus
984 1198 1397 1269 superioritatis,
1420 1200 1469 1250 &
1496 1197 1692 1249 summi
1716 1197 1934 1268 imperii

321 1276 529 1329 constat
564 1293 625 1327 ex
655 1274 907 1344 rescripto
934 1275 1275 1344 Imperatoris
1303 1273 1582 1338 Justiniani
1604 1276 1656 1324 in
1686 1273 1718 1325 l.
1740 1291 1785 1326 2.
1806 1277 1860 1341 §0
1881 1276 1935 1326 in

306 1352 540 1425 fhrdinias
559 1371 605 1411 3·
641 1350 734 1402 ibi:
756 1349 849 1400 ubi
872 1349 1100 1402 Barbarae
1124 1363 1306 1419 gentes
1333 1347 1509 1399 sedere
1530 1346 1811 1411 videntur,
1833 1349 1934 1398 mi·

321 1428 441 1478 lites
474 1443 572 1495 pro
608 1423 846 1477 custodia
884 1427 1154 1480 locorum.
1191 1432 1244 1477 C.
1274 1424 1328 1475 de
1349 1423 1456 1492 offic.
1481 1422 1833 1493 PraeftbJ-Afiic.
1858 1425 1937 1476 M.

323 1507 529 1558 Amori,
554 1501 713 1550 Natta
735 1496 876 1565 consil.
897 1509 1001 1559 672.
1023 1516 1148 1549 num.
1169 1517 1219 1559 9.
1245 1494 1739 1567 Mascard.deprobat.
1754 1497 1940 1565 conclufi

319 1564 425 1633 402¹.
450 1593 577 1628 num.
610 1592 654 1625 2.
676 1571 984 1643 Knipschilt.
1006 1571 1061 1625 de
1081 1576 1219 1627 civit.
1239 1580 1397 1643 Imper.
1420 1569 1503 1623 cib·
1521 1590 1570 1628 20
1591 1586 1682 1643 cap.
1700 1588 1743 1630 5.
1762 1589 1811 1629 n.
1829 1589 1936 1635 ²17·

987 1654 1029 1704 §.
1095 1650 1135 1694 Χ
1153 1650 1195 1693 V
1214 1650 1234 1694 1
1251 1650 1283 1693 Ι.

466 1732 505 1768 1.
577 1715 670 1767 Sin
693 1715 823 1769 vero
847 1715 919 1768 110
941 1718 1238 1785 privatorum
1255 1712 1521 1786 praediorum
1543 1716 1757 1766 terminos
1766 1713 1935 1785 finales

321 1789 750 1854 consideremus.‚
784 1806 975 1841 eorum
1008 1807 1134 1841 cura
1169 1791 1220 1841 &
1256 1787 1493 1840 custodia
1522 1805 1639 1841 non
1677 1790 1858 1841 minus
1884 1789 1934 1840 ei

320 1866 414 1934 qui
439 1865 649 1934 publice
669 1865 900 1934 imperio
923 1865 1117 1934 praeest,
1132 1863 1188 1916 id
1203 1863 1272 1916 est
1283 1863 1511 1934 principi
1524 1879 1614 1916 aut
1630 1864 1820 1916 comiti
1833 1867 1934 1915 Im-

326 1941 460 2009 perii
485 1939 787 2002 incumbit,
812 1953 871 1991 ut
896 1941 1190 2010 unicuique
1213 1939 1298 1991 sua
1320 1937 1644 2005 praediorum
1669 1939 1931 2003 confinia,

325 2014 453 2066 sarta
476 2015 607 2067 testa
631 2015 1039 2079 conserventur,
1059 2018 1109 2068 ὃς
1131 2029 1189 2066 ut
1213 2012 1408 2066 subditi
1432 2013 1495 2066 ab
1510 2015 1694 2067 alienis
1711 2013 1936 2067 abstine.

327 2102 451 2146 ant·,
487 2106 582 2140 nec
617 2091 736 2141 ullis
771 2090 1266 2142 machinationibus
1290 2103 1380 2141 aut
1402 2090 1787 2142 molitionibus
1809 2089 1934 2141 alte-

328 2164 437 2212 rius
467 2163 613 2214 bona
643 2165 887 2235 usurpare
913 2179 1151 2227 tentent3
1172 2181 1334 2233 quam
1358 2181 1540 2216 curam
1565 2165 1746 2216 officio
1768 2163 1933 2235 praefi·

330 2235 413 2285 dis
446 2240 760 2304 provinciae,
799 2255 988 2309 utpote
1023 2240 1365 2310 Imperatoris
1401 2239 1583 2292 vicarii
1618 2238 1959 2292 incumbere‘

331 2309 579 2378 rescripsit
606 2316 771 2366 Divus
798 2317 913 2366 Pius
939 2320 994 2370 m
1012 2317 1057 2367 d.
1080 2318 1109 2368 l.
1127 2313 1632 2387 filegatums.§.1.ibi:
1652 2315 1931 2385 publicum

334 2383 364 2434 a
396 2384 602 2452 privato
623 2396 688 2444 D.
711 2390 762 2440 de
780 2388 939 2462 operib.
955 2389 1074 2462 publ.
1154 2395 1229 2443 Ac
1255 2387 1407 2459 quod
1430 2390 1659 2460 irreptor
1679 2406 1932 2459 agrorum

332 2458 631 2525 poenalibus
662 2465 921 2515 mandatis
954 2466 1017 2517 ab
1042 2465 1226 2519 alienis
1253 2477 1489 2516 arceatur
1508 2464 1814 2534 rescriptum
1845 2466 1935 2517 ha-

330 2532 521 2583 bemus
554 2534 677 2585 Divi
706 2537 1045 2596 Constantini
1079 2544 1130 2592 in
1172 2540 1217 2591 d.
1252 2539 1340 2608 Ast
1361 2537 1603 2607 constiterit
1621 2557 1672 2598 4.
1695 2538 1786 2595 ibi:
1809 2539 1933 2590 alie-

331 2623 460 2659 nam
487 2605 747 2677 usurpare.
767 2608 843 2662 ubi
862 2622 924 2668 D.
945 2624 1279 2674 Brumaemann,
1302 2615 1451 2684 C-fin.
1471 2615 1660 2688 regund.
1736 2614 1931 2662 Omnis

1705 2702 1934 2755 namque
