<?xml version="1.0" encoding="UTF-8"?>
<!DOCTYPE html PUBLIC "-//W3C//DTD XHTML 1.0 Transitional//EN"
    "http://www.w3.org/TR/xhtml1/DTD/xhtml1-transitional.dtd">
<html xmlns="http://www.w3.org/1999/xhtml" xml:lang="en" lang="en">
 <head>
  <title>
</title>
<meta http-equiv="Content-Type" content="text/html;charset=utf-8" />
  <meta name='ocr-system' content='tesseract 3.04.00' />
  <meta name='ocr-capabilities' content='ocr_page ocr_carea ocr_par ocr_line ocrx_word'/>
</head>
<body>
  <div class='ocr_page' id='page_1' title='image "./nicolaimyleriabe00myle/nicolaimyleriabe00myle_0244.png"; bbox 0 0 2107 2860; ppageno 0'>
   <div class='ocr_carea' id='block_1_1' title="bbox 330 117 1489 214">
    <p class='ocr_par' dir='ltr' id='par_1_1' title="bbox 330 117 1489 214">
     <span class='ocr_line' id='line_1_1' title="bbox 330 117 1489 214; baseline -0.012 0"><span class='ocrx_word' id='word_1_1' title='bbox 330 160 423 214; x_wconf 86' lang='lat'>226</span> <span class='ocrx_word' id='word_1_2' title='bbox 958 152 1192 204; x_wconf 66' lang='lat' dir='ltr'>emur</span> <span class='ocrx_word' id='word_1_3' title='bbox 1267 150 1425 201; x_wconf 85' lang='lat' dir='ltr'><strong>XIV.</strong></span> <span class='ocrx_word' id='word_1_4' title='bbox 1484 117 1489 119; x_wconf 89' lang='lat'>.</span> 
     </span>
    </p>
   </div>
   <div class='ocr_carea' id='block_1_2' title="bbox 1490 247 1646 261">
    <p class='ocr_par' dir='ltr' id='par_1_2' title="bbox 1490 247 1646 261">
     <span class='ocr_line' id='line_1_2' title="bbox 1490 247 1646 261; baseline 0 2599"><span class='ocrx_word' id='word_1_5' title='bbox 1490 247 1646 261; x_wconf 95' lang='lat' dir='ltr'> </span> 
     </span>
    </p>
   </div>
   <div class='ocr_carea' id='block_1_3' title="bbox 1068 251 1206 261">
    <p class='ocr_par' dir='ltr' id='par_1_3' title="bbox 1068 251 1206 261">
     <span class='ocr_line' id='line_1_3' title="bbox 1068 251 1206 261; baseline 0 2599"><span class='ocrx_word' id='word_1_6' title='bbox 1068 251 1206 261; x_wconf 95' lang='lat' dir='ltr'> </span> 
     </span>
    </p>
   </div>
   <div class='ocr_carea' id='block_1_4' title="bbox 1320 250 1486 262">
    <p class='ocr_par' dir='ltr' id='par_1_4' title="bbox 1320 250 1486 262">
     <span class='ocr_line' id='line_1_4' title="bbox 1320 250 1486 262; baseline 0 2598"><span class='ocrx_word' id='word_1_7' title='bbox 1320 250 1486 262; x_wconf 95' lang='lat' dir='ltr'> </span> 
     </span>
    </p>
   </div>
   <div class='ocr_carea' id='block_1_5' title="bbox 673 256 835 270">
    <p class='ocr_par' dir='ltr' id='par_1_5' title="bbox 673 256 835 270">
     <span class='ocr_line' id='line_1_5' title="bbox 673 256 835 270; baseline 0 0"><span class='ocrx_word' id='word_1_8' title='bbox 673 256 835 270; x_wconf 95' lang='lat' dir='ltr'> </span> 
     </span>
    </p>
   </div>
   <div class='ocr_carea' id='block_1_6' title="bbox 840 255 1003 269">
    <p class='ocr_par' dir='ltr' id='par_1_6' title="bbox 840 255 1003 269">
     <span class='ocr_line' id='line_1_6' title="bbox 840 255 1003 269; baseline 0 2591"><span class='ocrx_word' id='word_1_9' title='bbox 840 255 1003 269; x_wconf 95' lang='lat' dir='ltr'> </span> 
     </span>
    </p>
   </div>
   <div class='ocr_carea' id='block_1_7' title="bbox 333 255 671 277">
    <p class='ocr_par' dir='ltr' id='par_1_7' title="bbox 333 255 671 277">
     <span class='ocr_line' id='line_1_7' title="bbox 333 255 671 277; baseline -0.012 -4"><span class='ocrx_word' id='word_1_10' title='bbox 333 255 671 277; x_wconf 45' lang='grc' dir='ltr'>μ-</span> 
     </span>
    </p>
   </div>
   <div class='ocr_carea' id='block_1_8' title="bbox 313 285 1931 2753">
    <p class='ocr_par' dir='ltr' id='par_1_8' title="bbox 313 285 1931 2753">
     <span class='ocr_line' id='line_1_8' title="bbox 329 285 1925 371; baseline -0.006 -25"><span class='ocrx_word' id='word_1_11' title='bbox 329 297 561 371; x_wconf 83' lang='lat' dir='ltr'>proinde</span> <span class='ocrx_word' id='word_1_12' title='bbox 585 308 832 367; x_wconf 87' lang='lat' dir='ltr'>perpetua</span> <span class='ocrx_word' id='word_1_13' title='bbox 857 295 906 344; x_wconf 88' lang='lat'>&amp;</span> <span class='ocrx_word' id='word_1_14' title='bbox 930 286 1312 344; x_wconf 83' lang='lat' dir='ltr'>immutabilia,</span> <span class='ocrx_word' id='word_1_15' title='bbox 1336 285 1601 355; x_wconf 88' lang='lat' dir='ltr'>opinione</span> <span class='ocrx_word' id='word_1_16' title='bbox 1620 289 1925 356; x_wconf 71' lang='lat' dir='ltr'>&amp;praesumi</span> 
     </span>
     <span class='ocr_line' id='line_1_9' title="bbox 331 359 1924 435; baseline -0.008 -10"><span class='ocrx_word' id='word_1_17' title='bbox 331 375 484 425; x_wconf 80' lang='lat' dir='ltr'>tione</span> <span class='ocrx_word' id='word_1_18' title='bbox 515 373 802 424; x_wconf 55' lang='lat' dir='ltr'>hominum</span> <span class='ocrx_word' id='word_1_19' title='bbox 820 402 833 428; x_wconf 65' lang='lat'><strong>7</strong></span> <span class='ocrx_word' id='word_1_20' title='bbox 868 377 1082 435; x_wconf 83' lang='lat' dir='ltr'>propter</span> <span class='ocrx_word' id='word_1_21' title='bbox 1109 363 1471 413; x_wconf 86' lang='lat' dir='ltr'>immortalem</span> <span class='ocrx_word' id='word_1_22' title='bbox 1494 359 1863 427; x_wconf 74' lang='lat' dir='ltr'>durationem,</span> <span class='ocrx_word' id='word_1_23' title='bbox 1886 370 1924 417; x_wconf 86' lang='lat' dir='ltr'>i.</span> 
     </span>
     <span class='ocr_line' id='line_1_10' title="bbox 332 436 1926 499; baseline -0.006 0"><span class='ocrx_word' id='word_1_24' title='bbox 332 448 435 499; x_wconf 78' lang='lat' dir='ltr'>deo</span> <span class='ocrx_word' id='word_1_25' title='bbox 466 447 705 497; x_wconf 84' lang='lat' dir='ltr'>terminis</span> <span class='ocrx_word' id='word_1_26' title='bbox 735 437 1107 492; x_wconf 82' lang='lat' dir='ltr'>immobilibus</span> <span class='ocrx_word' id='word_1_27' title='bbox 1139 436 1479 488; x_wconf 83' lang='lat' dir='ltr'>accensentur</span> <span class='ocrx_word' id='word_1_28' title='bbox 1508 438 1535 487; x_wconf 71' lang='lat' dir='ltr'>a</span> <span class='ocrx_word' id='word_1_29' title='bbox 1564 436 1714 488; x_wconf 85' lang='lat' dir='ltr'>Parid</span> <span class='ocrx_word' id='word_1_30' title='bbox 1739 437 1806 489; x_wconf 89' lang='lat' dir='ltr'>de</span> <span class='ocrx_word' id='word_1_31' title='bbox 1828 442 1926 491; x_wconf 86' lang='lat' dir='ltr'>Pu-</span> 
     </span>
     <span class='ocr_line' id='line_1_11' title="bbox 327 509 1928 587; baseline -0.003 -16"><span class='ocrx_word' id='word_1_32' title='bbox 327 536 419 572; x_wconf 86' lang='lat' dir='ltr'>teo</span> <span class='ocrx_word' id='word_1_33' title='bbox 454 520 507 571; x_wconf 86' lang='lat' dir='ltr'>de</span> <span class='ocrx_word' id='word_1_34' title='bbox 526 518 655 587; x_wconf 72' lang='lat' dir='ltr'>finib.</span> <span class='ocrx_word' id='word_1_35' title='bbox 674 515 805 586; x_wconf 80' lang='lat' dir='ltr'>feud.</span> <span class='ocrx_word' id='word_1_36' title='bbox 844 529 935 586; x_wconf 73' lang='lat' dir='ltr'>cap,</span> <span class='ocrx_word' id='word_1_37' title='bbox 965 533 1000 563; x_wconf 88' lang='lat'>1.</span> <span class='ocrx_word' id='word_1_38' title='bbox 1025 530 1152 570; x_wconf 75' lang='lat' dir='ltr'>num.</span> <span class='ocrx_word' id='word_1_39' title='bbox 1181 533 1219 568; x_wconf 82' lang='grc' dir='ltr'>ι.</span> <span class='ocrx_word' id='word_1_40' title='bbox 1247 509 1306 572; x_wconf 59' lang='lat'>(3⁹</span> <span class='ocrx_word' id='word_1_41' title='bbox 1327 530 1381 565; x_wconf 81' lang='lat'>20</span> <span class='ocrx_word' id='word_1_42' title='bbox 1401 511 1654 567; x_wconf 66' lang='lat' dir='ltr'>Mascard0</span> <span class='ocrx_word' id='word_1_43' title='bbox 1676 513 1730 566; x_wconf 83' lang='lat' dir='ltr'>de</span> <span class='ocrx_word' id='word_1_44' title='bbox 1743 512 1928 584; x_wconf 79' lang='lat' dir='ltr'>probat.</span> 
     </span>
     <span class='ocr_line' id='line_1_12' title="bbox 327 585 1925 661; baseline -0.003 -15"><span class='ocrx_word' id='word_1_45' title='bbox 327 594 455 647; x_wconf 75' lang='lat' dir='ltr'><em>concl.</em></span> <span class='ocrx_word' id='word_1_46' title='bbox 485 611 580 654; x_wconf 79' lang='lat'>393.</span> <span class='ocrx_word' id='word_1_47' title='bbox 615 610 743 642; x_wconf 76' lang='lat' dir='ltr'>num.</span> <span class='ocrx_word' id='word_1_48' title='bbox 770 609 815 656; x_wconf 78' lang='lat'>9.</span> <span class='ocrx_word' id='word_1_49' title='bbox 837 609 886 640; x_wconf 81' lang='lat' dir='ltr'>ac</span> <span class='ocrx_word' id='word_1_50' title='bbox 908 586 1093 658; x_wconf 68' lang='lat' dir='ltr'>concheſs</span> <span class='ocrx_word' id='word_1_51' title='bbox 1110 608 1206 650; x_wconf 76' lang='lat'><em>403.</em></span> <span class='ocrx_word' id='word_1_52' title='bbox 1225 606 1356 642; x_wconf 75' lang='lat' dir='ltr'>num.</span> <span class='ocrx_word' id='word_1_53' title='bbox 1381 594 1425 644; x_wconf 79' lang='lat'>8.</span> <span class='ocrx_word' id='word_1_54' title='bbox 1449 585 1618 640; x_wconf 84' lang='lat' dir='ltr'>Garfia</span> <span class='ocrx_word' id='word_1_55' title='bbox 1640 589 1695 640; x_wconf 87' lang='lat' dir='ltr'>de</span> <span class='ocrx_word' id='word_1_56' title='bbox 1716 587 1925 661; x_wconf 83' lang='lat' dir='ltr'>Expensis</span> 
     </span>
     <span class='ocr_line' id='line_1_13' title="bbox 326 663 1927 739; baseline -0.002 -20"><span class='ocrx_word' id='word_1_57' title='bbox 326 683 415 739; x_wconf 79' lang='lat' dir='ltr'>cap.</span> <span class='ocrx_word' id='word_1_58' title='bbox 439 686 513 729; x_wconf 88' lang='lat'>27.</span> <span class='ocrx_word' id='word_1_59' title='bbox 541 686 667 720; x_wconf 69' lang='lat' dir='ltr'>num.</span> <span class='ocrx_word' id='word_1_60' title='bbox 691 681 778 724; x_wconf 88' lang='lat'>44.</span> <span class='ocrx_word' id='word_1_61' title='bbox 858 665 1087 716; x_wconf 85' lang='lat' dir='ltr'>Proinde</span> <span class='ocrx_word' id='word_1_62' title='bbox 1115 663 1272 716; x_wconf 88' lang='lat' dir='ltr'>hosce</span> <span class='ocrx_word' id='word_1_63' title='bbox 1291 664 1422 715; x_wconf 89' lang='lat' dir='ltr'>fines</span> <span class='ocrx_word' id='word_1_64' title='bbox 1450 663 1476 715; x_wconf 74' lang='lat' dir='ltr'>a</span> <span class='ocrx_word' id='word_1_65' title='bbox 1499 676 1685 716; x_wconf 89' lang='lat' dir='ltr'>natura</span> <span class='ocrx_word' id='word_1_66' title='bbox 1708 663 1927 734; x_wconf 82' lang='lat' dir='ltr'>positos,</span> 
     </span>
     <span class='ocr_line' id='line_1_14' title="bbox 329 737 1929 813; baseline 0 -21"><span class='ocrx_word' id='word_1_67' title='bbox 329 758 553 795; x_wconf 85' lang='lat' dir='ltr'>aeternos</span> <span class='ocrx_word' id='word_1_68' title='bbox 588 742 739 792; x_wconf 83' lang='lat' dir='ltr'><strong>dixit.</strong></span> <span class='ocrx_word' id='word_1_69' title='bbox 767 739 912 793; x_wconf 79' lang='lat' dir='ltr'>Bald.</span> <span class='ocrx_word' id='word_1_70' title='bbox 937 743 988 791; x_wconf 81' lang='lat' dir='ltr'>in</span> <span class='ocrx_word' id='word_1_71' title='bbox 1012 739 1126 794; x_wconf 59' lang='lat' dir='ltr'>diez.</span> <span class='ocrx_word' id='word_1_72' title='bbox 1152 755 1243 813; x_wconf 77' lang='lat' dir='ltr'>cap.</span> <span class='ocrx_word' id='word_1_73' title='bbox 1281 758 1379 791; x_wconf 86' lang='lat' dir='ltr'>cum</span> <span class='ocrx_word' id='word_1_74' title='bbox 1397 744 1582 807; x_wconf 78' lang='lat' dir='ltr'>causam.</span> <span class='ocrx_word' id='word_1_75' title='bbox 1607 748 1655 794; x_wconf 87' lang='lat' dir='ltr'>X.</span> <span class='ocrx_word' id='word_1_76' title='bbox 1677 739 1732 792; x_wconf 85' lang='lat' dir='ltr'>de</span> <span class='ocrx_word' id='word_1_77' title='bbox 1753 737 1929 812; x_wconf 78' lang='lat' dir='ltr'>probat.</span> 
     </span>
     <span class='ocr_line' id='line_1_15' title="bbox 326 814 1924 887; baseline -0.001 -18"><span class='ocrx_word' id='word_1_78' title='bbox 326 821 574 869; x_wconf 87' lang='lat' dir='ltr'>Cravetta</span> <span class='ocrx_word' id='word_1_79' title='bbox 605 816 744 884; x_wconf 73' lang='lat' dir='ltr'>consil.</span> <span class='ocrx_word' id='word_1_80' title='bbox 773 833 885 880; x_wconf 78' lang='lat'><em>949·</em></span> <span class='ocrx_word' id='word_1_81' title='bbox 913 815 1061 870; x_wconf 75' lang='lat' dir='ltr'>Hier.</span> <span class='ocrx_word' id='word_1_82' title='bbox 1084 816 1111 866; x_wconf 77' lang='lat' dir='ltr'>a</span> <span class='ocrx_word' id='word_1_83' title='bbox 1133 817 1344 866; x_wconf 87' lang='lat' dir='ltr'>Monte.</span> <span class='ocrx_word' id='word_1_84' title='bbox 1374 814 1486 867; x_wconf 59' lang='lat' dir='ltr'>diesi.</span> <span class='ocrx_word' id='word_1_85' title='bbox 1509 829 1572 868; x_wconf 84' lang='lat' dir='ltr'>tr.</span> <span class='ocrx_word' id='word_1_86' title='bbox 1592 830 1680 887; x_wconf 86' lang='lat' dir='ltr'>cap.</span> <span class='ocrx_word' id='word_1_87' title='bbox 1703 835 1771 878; x_wconf 89' lang='lat'>17.</span> <span class='ocrx_word' id='word_1_88' title='bbox 1796 834 1924 869; x_wconf 85' lang='lat' dir='ltr'>num.</span> 
     </span>
     <span class='ocr_line' id='line_1_16' title="bbox 319 887 1926 962; baseline 0 -19"><span class='ocrx_word' id='word_1_89' title='bbox 319 913 366 954; x_wconf 87' lang='lat'>3·</span> <span class='ocrx_word' id='word_1_90' title='bbox 398 890 456 952; x_wconf 54' lang='grc' dir='ltr'>(θ’</span> <span class='ocrx_word' id='word_1_91' title='bbox 488 911 547 946; x_wconf 85' lang='grc' dir='ltr'>ιι.</span> <span class='ocrx_word' id='word_1_92' title='bbox 587 895 738 957; x_wconf 79' lang='lat' dir='ltr'>Joan.</span> <span class='ocrx_word' id='word_1_93' title='bbox 760 891 1061 959; x_wconf 83' lang='lat' dir='ltr'>Oettinger.</span> <span class='ocrx_word' id='word_1_94' title='bbox 1083 890 1136 942; x_wconf 85' lang='lat' dir='ltr'>de</span> <span class='ocrx_word' id='word_1_95' title='bbox 1143 887 1286 960; x_wconf 83' lang='lat' dir='ltr'>finib.</span> <span class='ocrx_word' id='word_1_96' title='bbox 1307 888 1384 942; x_wconf 71' lang='lat' dir='ltr'><em>lzb.</em></span> <span class='ocrx_word' id='word_1_97' title='bbox 1413 912 1452 946; x_wconf 81' lang='grc' dir='ltr'>ι.</span> <span class='ocrx_word' id='word_1_98' title='bbox 1474 907 1561 962; x_wconf 84' lang='lat' dir='ltr'>cap.</span> <span class='ocrx_word' id='word_1_99' title='bbox 1583 911 1626 947; x_wconf 84' lang='lat'>2.</span> <span class='ocrx_word' id='word_1_100' title='bbox 1652 892 1726 944; x_wconf 79' lang='lat' dir='ltr'>lit.</span> <span class='ocrx_word' id='word_1_101' title='bbox 1749 899 1783 941; x_wconf 89' lang='lat' dir='ltr'>I.</span> <span class='ocrx_word' id='word_1_102' title='bbox 1861 894 1926 943; x_wconf 90' lang='lat' dir='ltr'>Et</span> 
     </span>
     <span class='ocr_line' id='line_1_17' title="bbox 321 965 1928 1037; baseline -0.001 -19"><span class='ocrx_word' id='word_1_103' title='bbox 321 968 381 1018; x_wconf 81' lang='lat' dir='ltr'>hi</span> <span class='ocrx_word' id='word_1_104' title='bbox 408 968 522 1018; x_wconf 87' lang='lat' dir='ltr'>sunt</span> <span class='ocrx_word' id='word_1_105' title='bbox 545 966 764 1018; x_wconf 84' lang='lat' dir='ltr'>termini</span> <span class='ocrx_word' id='word_1_106' title='bbox 791 967 1082 1027; x_wconf 82' lang='lat' dir='ltr'>naturaleS‚</span> <span class='ocrx_word' id='word_1_107' title='bbox 1105 983 1242 1035; x_wconf 92' lang='lat' dir='ltr'>quos</span> <span class='ocrx_word' id='word_1_108' title='bbox 1264 968 1407 1017; x_wconf 90' lang='lat' dir='ltr'>Deus</span> <span class='ocrx_word' id='word_1_109' title='bbox 1433 965 1648 1037; x_wconf 83' lang='lat' dir='ltr'>fingulis</span> <span class='ocrx_word' id='word_1_110' title='bbox 1672 965 1928 1036; x_wconf 85' lang='lat' dir='ltr'>Regioni-</span> 
     </span>
     <span class='ocr_line' id='line_1_18' title="bbox 322 1039 1929 1112; baseline -0.001 -18"><span class='ocrx_word' id='word_1_111' title='bbox 322 1042 421 1094; x_wconf 91' lang='lat' dir='ltr'>bus</span> <span class='ocrx_word' id='word_1_112' title='bbox 457 1045 505 1095; x_wconf 91' lang='lat'>&amp;</span> <span class='ocrx_word' id='word_1_113' title='bbox 531 1042 822 1096; x_wconf 87' lang='lat' dir='ltr'>Provinciis</span> <span class='ocrx_word' id='word_1_114' title='bbox 850 1041 1138 1092; x_wconf 83' lang='lat' dir='ltr'>constituit.</span> <span class='ocrx_word' id='word_1_115' title='bbox 1162 1042 1320 1110; x_wconf 79' lang='lat' dir='ltr'>Psalm.</span> <span class='ocrx_word' id='word_1_116' title='bbox 1340 1059 1424 1103; x_wconf 83' lang='lat'>74.</span> <span class='ocrx_word' id='word_1_117' title='bbox 1448 1039 1572 1112; x_wconf 63' lang='lat' dir='ltr'>werf</span> <span class='ocrx_word' id='word_1_118' title='bbox 1590 1059 1659 1103; x_wconf 73' lang='lat'>17.</span> <span class='ocrx_word' id='word_1_119' title='bbox 1679 1041 1711 1095; x_wconf 83' lang='lat' dir='ltr'>l.</span> <span class='ocrx_word' id='word_1_120' title='bbox 1730 1060 1774 1099; x_wconf 84' lang='lat'>5.</span> <span class='ocrx_word' id='word_1_121' title='bbox 1791 1049 1852 1095; x_wconf 86' lang='lat' dir='ltr'>D.</span> <span class='ocrx_word' id='word_1_122' title='bbox 1873 1039 1929 1094; x_wconf 80' lang='lat' dir='ltr'>de</span> 
     </span>
     <span class='ocr_line' id='line_1_19' title="bbox 313 1116 1929 1192; baseline -0.001 -23"><span class='ocrx_word' id='word_1_123' title='bbox 313 1116 420 1191; x_wconf 67' lang='lat' dir='ltr'>just.</span> <span class='ocrx_word' id='word_1_124' title='bbox 449 1116 622 1192; x_wconf 59' lang='lat' dir='ltr'>&amp;jun</span> <span class='ocrx_word' id='word_1_125' title='bbox 700 1121 885 1185; x_wconf 88' lang='lat' dir='ltr'>quue</span> <span class='ocrx_word' id='word_1_126' title='bbox 909 1117 1274 1168; x_wconf 85' lang='lat' dir='ltr'>immutabiles</span> <span class='ocrx_word' id='word_1_127' title='bbox 1292 1119 1341 1169; x_wconf 92' lang='lat'>&amp;</span> <span class='ocrx_word' id='word_1_128' title='bbox 1366 1118 1623 1185; x_wconf 89' lang='lat' dir='ltr'>perpetui.</span> <span class='ocrx_word' id='word_1_129' title='bbox 1664 1119 1929 1185; x_wconf 85' lang='lat' dir='ltr'>thuarn·</span> 
     </span>
     <span class='ocr_line' id='line_1_20' title="bbox 322 1191 1928 1245; baseline -0.001 0"><span class='ocrx_word' id='word_1_130' title='bbox 322 1193 403 1245; x_wconf 87' lang='lat' dir='ltr'>vis</span> <span class='ocrx_word' id='word_1_131' title='bbox 432 1193 657 1245; x_wconf 83' lang='lat' dir='ltr'>illudere</span> <span class='ocrx_word' id='word_1_132' title='bbox 687 1191 929 1244; x_wconf 88' lang='lat' dir='ltr'>videatur</span> <span class='ocrx_word' id='word_1_133' title='bbox 955 1195 1149 1243; x_wconf 84' lang='lat' dir='ltr'>Seneca</span> <span class='ocrx_word' id='word_1_134' title='bbox 1180 1191 1336 1242; x_wconf 88' lang='lat' dir='ltr'>hosce</span> <span class='ocrx_word' id='word_1_135' title='bbox 1361 1193 1619 1243; x_wconf 88' lang='lat' dir='ltr'>Gentium</span> <span class='ocrx_word' id='word_1_136' title='bbox 1635 1193 1928 1244; x_wconf 87' lang='lat' dir='ltr'>Terminos</span> 
     </span>
     <span class='ocr_line' id='line_1_21' title="bbox 323 1266 1926 1340; baseline 0 -21"><span class='ocrx_word' id='word_1_137' title='bbox 323 1268 586 1327; x_wconf 78' lang='lat' dir='ltr'>naturales</span> <span class='ocrx_word' id='word_1_138' title='bbox 618 1269 674 1318; x_wconf 88' lang='lat' dir='ltr'>in</span> <span class='ocrx_word' id='word_1_139' title='bbox 704 1266 877 1340; x_wconf 57' lang='lat' dir='ltr'>Qqst.</span> <span class='ocrx_word' id='word_1_140' title='bbox 905 1268 1109 1319; x_wconf 80' lang='lat' dir='ltr'>Natural.</span> <span class='ocrx_word' id='word_1_141' title='bbox 1134 1266 1209 1325; x_wconf 84' lang='lat' dir='ltr'>lib.</span> <span class='ocrx_word' id='word_1_142' title='bbox 1232 1288 1270 1320; x_wconf 89' lang='lat'>1.</span> <span class='ocrx_word' id='word_1_143' title='bbox 1292 1269 1343 1319; x_wconf 81' lang='lat' dir='ltr'>in</span> <span class='ocrx_word' id='word_1_144' title='bbox 1359 1266 1534 1340; x_wconf 74' lang='lat' dir='ltr'>praefizt.</span> <span class='ocrx_word' id='word_1_145' title='bbox 1557 1270 1699 1318; x_wconf 90' lang='lat' dir='ltr'>Dum</span> <span class='ocrx_word' id='word_1_146' title='bbox 1725 1266 1926 1319; x_wconf 88' lang='lat' dir='ltr'>scribit:</span> 
     </span>
     <span class='ocr_line' id='line_1_22' title="bbox 326 1341 1929 1415; baseline -0.001 -22"><span class='ocrx_word' id='word_1_147' title='bbox 326 1353 364 1392; x_wconf 90' lang='grc' dir='ltr'><em>Ο</em></span> <span class='ocrx_word' id='word_1_148' title='bbox 393 1361 527 1415; x_wconf 83' lang='lat' dir='ltr'>quam</span> <span class='ocrx_word' id='word_1_149' title='bbox 563 1342 745 1393; x_wconf 70' lang='lat' dir='ltr'>ridiculi</span> <span class='ocrx_word' id='word_1_150' title='bbox 767 1342 874 1410; x_wconf 77' lang='lat' dir='ltr'>[unt</span> <span class='ocrx_word' id='word_1_151' title='bbox 905 1343 1162 1394; x_wconf 79' lang='lat' dir='ltr'>mortaltum</span> <span class='ocrx_word' id='word_1_152' title='bbox 1192 1345 1420 1394; x_wconf 73' lang='lat' dir='ltr'>Termini?</span> <span class='ocrx_word' id='word_1_153' title='bbox 1443 1345 1577 1394; x_wconf 75' lang='lat' dir='ltr'>ultra</span> <span class='ocrx_word' id='word_1_154' title='bbox 1607 1341 1765 1410; x_wconf 84' lang='lat' dir='ltr'>Istrum</span> <span class='ocrx_word' id='word_1_155' title='bbox 1785 1351 1929 1395; x_wconf 76' lang='lat' dir='ltr'>Decus</span> 
     </span>
     <span class='ocr_line' id='line_1_23' title="bbox 321 1414 1929 1490; baseline -0.001 -20"><span class='ocrx_word' id='word_1_156' title='bbox 321 1436 412 1470; x_wconf 83' lang='lat' dir='ltr'>non</span> <span class='ocrx_word' id='word_1_157' title='bbox 444 1432 597 1469; x_wconf 82' lang='lat' dir='ltr'>exeat.-</span> <span class='ocrx_word' id='word_1_158' title='bbox 627 1424 798 1486; x_wconf 85' lang='lat' dir='ltr'>Strymo</span> <span class='ocrx_word' id='word_1_159' title='bbox 836 1416 1022 1469; x_wconf 69' lang='lat' dir='ltr'>Thracas</span> <span class='ocrx_word' id='word_1_160' title='bbox 1052 1418 1282 1474; x_wconf 63' lang='lat' dir='ltr'>includam</span> <span class='ocrx_word' id='word_1_161' title='bbox 1310 1414 1485 1467; x_wconf 67' lang='lat' dir='ltr'>Parthis</span> <span class='ocrx_word' id='word_1_162' title='bbox 1503 1414 1638 1490; x_wconf 73' lang='lat' dir='ltr'>obstet</span> <span class='ocrx_word' id='word_1_163' title='bbox 1657 1415 1929 1489; x_wconf 78' lang='lat' dir='ltr'>Euphrates:</span> 
     </span>
     <span class='ocr_line' id='line_1_24' title="bbox 322 1490 1925 1560; baseline -0.001 -17"><span class='ocrx_word' id='word_1_164' title='bbox 322 1490 501 1549; x_wconf 75' lang='lat' dir='ltr'><em>Rhenus</em></span> <span class='ocrx_word' id='word_1_165' title='bbox 524 1495 763 1545; x_wconf 70' lang='lat' dir='ltr'>Germaniae</span> <span class='ocrx_word' id='word_1_166' title='bbox 780 1493 958 1543; x_wconf 51' lang='lat' dir='ltr'>modam</span> <span class='ocrx_word' id='word_1_167' title='bbox 973 1491 1144 1560; x_wconf 72' lang='lat' dir='ltr'>faciatg</span> <span class='ocrx_word' id='word_1_168' title='bbox 1170 1495 1386 1543; x_wconf 76' lang='lat' dir='ltr'>Pirenaeus</span> <span class='ocrx_word' id='word_1_169' title='bbox 1409 1491 1609 1544; x_wconf 83' lang='lat' dir='ltr'>medium</span> <span class='ocrx_word' id='word_1_170' title='bbox 1627 1495 1749 1542; x_wconf 78' lang='lat' dir='ltr'>inter</span> <span class='ocrx_word' id='word_1_171' title='bbox 1761 1492 1925 1542; x_wconf 72' lang='lat' dir='ltr'>Gallias</span> 
     </span>
     <span class='ocr_line' id='line_1_25' title="bbox 323 1563 1927 1642; baseline -0.001 -24"><span class='ocrx_word' id='word_1_172' title='bbox 323 1565 385 1630; x_wconf 63' lang='grc' dir='ltr'>ῤ’</span> <span class='ocrx_word' id='word_1_173' title='bbox 411 1569 818 1640; x_wconf 57' lang='lat' dir='ltr'>Hispaniasjugum</span> <span class='ocrx_word' id='word_1_174' title='bbox 845 1567 1055 1618; x_wconf 81' lang='lat' dir='ltr'>extollat:</span> <span class='ocrx_word' id='word_1_175' title='bbox 1082 1575 1204 1619; x_wconf 83' lang='lat' dir='ltr'>Inter</span> <span class='ocrx_word' id='word_1_176' title='bbox 1225 1574 1463 1642; x_wconf 78' lang='lat' dir='ltr'>AEgyptum</span> <span class='ocrx_word' id='word_1_177' title='bbox 1488 1565 1546 1626; x_wconf 66' lang='grc' dir='ltr'>ὠ·</span> <span class='ocrx_word' id='word_1_178' title='bbox 1569 1565 1824 1637; x_wconf 75' lang='lat' dir='ltr'>AEthiopias</span> <span class='ocrx_word' id='word_1_179' title='bbox 1846 1563 1927 1616; x_wconf 81' lang='lat' dir='ltr'>ha-</span> 
     </span>
     <span class='ocr_line' id='line_1_26' title="bbox 324 1639 1930 1709; baseline -0.001 -14"><span class='ocrx_word' id='word_1_180' title='bbox 324 1658 538 1695; x_wconf 77' lang='lat' dir='ltr'>renarum</span> <span class='ocrx_word' id='word_1_181' title='bbox 577 1644 742 1695; x_wconf 73' lang='lat' dir='ltr'>inculta</span> <span class='ocrx_word' id='word_1_182' title='bbox 774 1642 965 1709; x_wconf 76' lang='lat' dir='ltr'>vastitas</span> <span class='ocrx_word' id='word_1_183' title='bbox 987 1643 1116 1708; x_wconf 82' lang='lat' dir='ltr'>jacet.</span> <span class='ocrx_word' id='word_1_184' title='bbox 1192 1645 1313 1694; x_wconf 91' lang='lat' dir='ltr'>Hoc</span> <span class='ocrx_word' id='word_1_185' title='bbox 1342 1657 1520 1693; x_wconf 88' lang='lat' dir='ltr'>tamen</span> <span class='ocrx_word' id='word_1_186' title='bbox 1547 1640 1612 1691; x_wconf 89' lang='lat' dir='ltr'>de</span> <span class='ocrx_word' id='word_1_187' title='bbox 1630 1639 1853 1692; x_wconf 88' lang='lat' dir='ltr'>fortuita</span> <span class='ocrx_word' id='word_1_188' title='bbox 1879 1643 1930 1693; x_wconf 89' lang='lat'>&amp;</span> 
     </span>
     <span class='ocr_line' id='line_1_27' title="bbox 319 1715 1926 1788; baseline 0 -20"><span class='ocrx_word' id='word_1_189' title='bbox 319 1717 638 1771; x_wconf 86' lang='lat' dir='ltr'>inconstanti</span> <span class='ocrx_word' id='word_1_190' title='bbox 662 1717 916 1769; x_wconf 90' lang='lat' dir='ltr'>Gentium</span> <span class='ocrx_word' id='word_1_191' title='bbox 939 1718 1266 1788; x_wconf 84' lang='lat' dir='ltr'>migratione</span> <span class='ocrx_word' id='word_1_192' title='bbox 1285 1716 1719 1786; x_wconf 86' lang='lat' dir='ltr'>intelligendum.</span> <span class='ocrx_word' id='word_1_193' title='bbox 1797 1715 1926 1768; x_wconf 77' lang='lat' dir='ltr'>Ideo</span> 
     </span>
     <span class='ocr_line' id='line_1_28' title="bbox 322 1791 1929 1863; baseline -0.002 -19"><span class='ocrx_word' id='word_1_194' title='bbox 322 1793 635 1845; x_wconf 66' lang='lat' dir='ltr'>notabiliter</span> <span class='ocrx_word' id='word_1_195' title='bbox 660 1791 789 1843; x_wconf 89' lang='lat' dir='ltr'>dicit</span> <span class='ocrx_word' id='word_1_196' title='bbox 814 1792 955 1843; x_wconf 85' lang='lat' dir='ltr'>Bald.</span> <span class='ocrx_word' id='word_1_197' title='bbox 978 1797 1028 1843; x_wconf 82' lang='lat' dir='ltr'>z&#39;n</span> <span class='ocrx_word' id='word_1_198' title='bbox 1051 1809 1143 1863; x_wconf 78' lang='lat' dir='ltr'>cap.</span> <span class='ocrx_word' id='word_1_199' title='bbox 1165 1811 1263 1844; x_wconf 82' lang='lat' dir='ltr'>cum</span> <span class='ocrx_word' id='word_1_200' title='bbox 1282 1804 1466 1863; x_wconf 80' lang='lat' dir='ltr'>causam.</span> <span class='ocrx_word' id='word_1_201' title='bbox 1492 1810 1618 1843; x_wconf 74' lang='lat' dir='ltr'>num.</span> <span class='ocrx_word' id='word_1_202' title='bbox 1636 1810 1678 1851; x_wconf 67' lang='lat'>3.</span> <span class='ocrx_word' id='word_1_203' title='bbox 1703 1800 1754 1847; x_wconf 84' lang='lat' dir='ltr'>X.</span> <span class='ocrx_word' id='word_1_204' title='bbox 1769 1792 1929 1861; x_wconf 83' lang='lat' dir='ltr'>depro-</span> 
     </span>
     <span class='ocr_line' id='line_1_29' title="bbox 318 1865 1928 1937; baseline -0.001 -18"><span class='ocrx_word' id='word_1_205' title='bbox 318 1867 413 1922; x_wconf 79' lang='lat' dir='ltr'>bat.</span> <span class='ocrx_word' id='word_1_206' title='bbox 488 1867 656 1937; x_wconf 81' lang='lat' dir='ltr'>Qod</span> <span class='ocrx_word' id='word_1_207' title='bbox 680 1867 808 1918; x_wconf 87' lang='lat' dir='ltr'>fines</span> <span class='ocrx_word' id='word_1_208' title='bbox 832 1868 1205 1931; x_wconf 83' lang='lat' dir='ltr'>territoriales‚</span> <span class='ocrx_word' id='word_1_209' title='bbox 1231 1883 1289 1919; x_wconf 88' lang='lat' dir='ltr'>ut</span> <span class='ocrx_word' id='word_1_210' title='bbox 1307 1881 1520 1918; x_wconf 87' lang='lat' dir='ltr'>montes</span> <span class='ocrx_word' id='word_1_211' title='bbox 1538 1867 1815 1920; x_wconf 88' lang='lat' dir='ltr'>&amp;flumina</span> <span class='ocrx_word' id='word_1_212' title='bbox 1829 1865 1928 1917; x_wconf 88' lang='lat' dir='ltr'>fint</span> 
     </span>
     <span class='ocr_line' id='line_1_30' title="bbox 319 1942 1928 2013; baseline -0.001 -19"><span class='ocrx_word' id='word_1_213' title='bbox 319 1944 685 2001; x_wconf 78' lang='lat' dir='ltr'>invariabiles,</span> <span class='ocrx_word' id='word_1_214' title='bbox 721 1943 804 1995; x_wconf 87' lang='lat' dir='ltr'>vel</span> <span class='ocrx_word' id='word_1_215' title='bbox 841 1942 933 1994; x_wconf 83' lang='lat' dir='ltr'>situ</span> <span class='ocrx_word' id='word_1_216' title='bbox 976 1957 1265 2013; x_wconf 64' lang='lat' dir='ltr'>perpetum</span> <span class='ocrx_word' id='word_1_217' title='bbox 1289 1944 1372 1997; x_wconf 90' lang='lat' dir='ltr'>vel</span> <span class='ocrx_word' id='word_1_218' title='bbox 1398 1942 1724 1994; x_wconf 82' lang='lat' dir='ltr'>immutabili</span> <span class='ocrx_word' id='word_1_219' title='bbox 1749 1958 1928 1993; x_wconf 90' lang='lat' dir='ltr'>rerum</span> 
     </span>
     <span class='ocr_line' id='line_1_31' title="bbox 322 2013 1929 2088; baseline 0.001 -20"><span class='ocrx_word' id='word_1_220' title='bbox 322 2033 532 2073; x_wconf 81' lang='lat' dir='ltr'>natura:</span> <span class='ocrx_word' id='word_1_221' title='bbox 562 2021 618 2068; x_wconf 85' lang='lat' dir='ltr'>ln</span> <span class='ocrx_word' id='word_1_222' title='bbox 642 2017 835 2086; x_wconf 89' lang='lat' dir='ltr'>quibus</span> <span class='ocrx_word' id='word_1_223' title='bbox 858 2018 1064 2088; x_wconf 87' lang='lat' dir='ltr'>optime</span> <span class='ocrx_word' id='word_1_224' title='bbox 1084 2019 1267 2072; x_wconf 88' lang='lat' dir='ltr'>locum</span> <span class='ocrx_word' id='word_1_225' title='bbox 1292 2020 1451 2072; x_wconf 81' lang='lat' dir='ltr'>habet</span> <span class='ocrx_word' id='word_1_226' title='bbox 1474 2017 1607 2070; x_wconf 90' lang='lat' dir='ltr'>illud</span> <span class='ocrx_word' id='word_1_227' title='bbox 1629 2013 1837 2070; x_wconf 79' lang='lat' dir='ltr'>Gloffae:</span> <span class='ocrx_word' id='word_1_228' title='bbox 1859 2017 1929 2069; x_wconf 86' lang='lat' dir='ltr'>se·</span> 
     </span>
     <span class='ocr_line' id='line_1_32' title="bbox 325 2090 1928 2160; baseline -0.001 -17"><span class='ocrx_word' id='word_1_229' title='bbox 325 2096 432 2145; x_wconf 90' lang='lat' dir='ltr'>mel</span> <span class='ocrx_word' id='word_1_230' title='bbox 459 2111 642 2146; x_wconf 86' lang='lat' dir='ltr'>verum</span> <span class='ocrx_word' id='word_1_231' title='bbox 660 2128 675 2156; x_wconf 87' lang='lat'>,</span> <span class='ocrx_word' id='word_1_232' title='bbox 708 2092 910 2160; x_wconf 79' lang='lat' dir='ltr'>semper</span> <span class='ocrx_word' id='word_1_233' title='bbox 933 2110 1134 2146; x_wconf 89' lang='lat' dir='ltr'>verum.</span> <span class='ocrx_word' id='word_1_234' title='bbox 1213 2098 1276 2146; x_wconf 92' lang='lat' dir='ltr'>Et</span> <span class='ocrx_word' id='word_1_235' title='bbox 1301 2096 1357 2146; x_wconf 90' lang='lat' dir='ltr'>in</span> <span class='ocrx_word' id='word_1_236' title='bbox 1382 2093 1663 2145; x_wconf 88' lang='lat' dir='ltr'>Montibus</span> <span class='ocrx_word' id='word_1_237' title='bbox 1690 2090 1842 2160; x_wconf 89' lang='lat' dir='ltr'>quod</span> <span class='ocrx_word' id='word_1_238' title='bbox 1864 2110 1928 2142; x_wconf 91' lang='lat' dir='ltr'>o-</span> 
     </span>
     <span class='ocr_line' id='line_1_33' title="bbox 324 2165 1930 2240; baseline 0.001 -25"><span class='ocrx_word' id='word_1_239' title='bbox 324 2168 422 2218; x_wconf 83' lang='lat' dir='ltr'>lim</span> <span class='ocrx_word' id='word_1_240' title='bbox 456 2185 638 2220; x_wconf 83' lang='lat' dir='ltr'>verum</span> <span class='ocrx_word' id='word_1_241' title='bbox 674 2169 723 2220; x_wconf 72' lang='grc' dir='ltr'>δε</span> <span class='ocrx_word' id='word_1_242' title='bbox 747 2168 932 2235; x_wconf 77' lang='lat' dir='ltr'>justum</span> <span class='ocrx_word' id='word_1_243' title='bbox 955 2168 1086 2232; x_wconf 89' lang='lat' dir='ltr'>fuit,</span> <span class='ocrx_word' id='word_1_244' title='bbox 1114 2169 1273 2221; x_wconf 86' lang='lat' dir='ltr'>etiam</span> <span class='ocrx_word' id='word_1_245' title='bbox 1293 2169 1459 2222; x_wconf 87' lang='lat' dir='ltr'>hodie</span> <span class='ocrx_word' id='word_1_246' title='bbox 1480 2168 1848 2240; x_wconf 83' lang='lat' dir='ltr'>praesumiture</span> <span class='ocrx_word' id='word_1_247' title='bbox 1864 2165 1930 2218; x_wconf 81' lang='lat' dir='ltr'>ffe</span> 
     </span>
     <span class='ocr_line' id='line_1_34' title="bbox 328 2242 1928 2316; baseline 0.004 -27"><span class='ocrx_word' id='word_1_248' title='bbox 328 2242 428 2290; x_wconf 88' lang='lat' dir='ltr'>tale</span> <span class='ocrx_word' id='word_1_249' title='bbox 451 2275 465 2302; x_wconf 79' lang='grc'><em>,</em></span> <span class='ocrx_word' id='word_1_250' title='bbox 496 2244 618 2312; x_wconf 76' lang='lat' dir='ltr'>quia</span> <span class='ocrx_word' id='word_1_251' title='bbox 647 2258 859 2294; x_wconf 86' lang='lat' dir='ltr'>montes</span> <span class='ocrx_word' id='word_1_252' title='bbox 897 2244 1013 2295; x_wconf 86' lang='lat' dir='ltr'>sunt</span> <span class='ocrx_word' id='word_1_253' title='bbox 1038 2245 1235 2298; x_wconf 86' lang='lat' dir='ltr'>aeterni.</span> <span class='ocrx_word' id='word_1_254' title='bbox 1261 2245 1450 2298; x_wconf 81' lang='lat' dir='ltr'>Alciat.</span> <span class='ocrx_word' id='word_1_255' title='bbox 1472 2265 1514 2300; x_wconf 83' lang='lat'>2.</span> <span class='ocrx_word' id='word_1_256' title='bbox 1527 2243 1771 2316; x_wconf 70' lang='lat' dir='ltr'>praefitmpt.</span> <span class='ocrx_word' id='word_1_257' title='bbox 1799 2261 1859 2301; x_wconf 80' lang='lat'>13·</span> <span class='ocrx_word' id='word_1_258' title='bbox 1879 2261 1928 2296; x_wconf 76' lang='lat' dir='ltr'>n.</span> 
     </span>
     <span class='ocr_line' id='line_1_35' title="bbox 329 2316 1929 2390; baseline 0.004 -27"><span class='ocrx_word' id='word_1_259' title='bbox 329 2332 378 2366; x_wconf 76' lang='lat'>2.</span> <span class='ocrx_word' id='word_1_260' title='bbox 456 2318 515 2364; x_wconf 89' lang='lat' dir='ltr'>Et</span> <span class='ocrx_word' id='word_1_261' title='bbox 539 2316 710 2366; x_wconf 75' lang='lat' dir='ltr'>cursus</span> <span class='ocrx_word' id='word_1_262' title='bbox 734 2318 1024 2372; x_wconf 84' lang='lat' dir='ltr'>fluviorum</span> <span class='ocrx_word' id='word_1_263' title='bbox 1050 2322 1296 2390; x_wconf 85' lang='lat' dir='ltr'>perennis</span> <span class='ocrx_word' id='word_1_264' title='bbox 1320 2320 1506 2373; x_wconf 84' lang='lat' dir='ltr'>existit.</span> <span class='ocrx_word' id='word_1_265' title='bbox 1529 2321 1557 2371; x_wconf 87' lang='lat' dir='ltr'>l.</span> <span class='ocrx_word' id='word_1_266' title='bbox 1589 2338 1624 2371; x_wconf 90' lang='lat'>1.</span> <span class='ocrx_word' id='word_1_267' title='bbox 1648 2323 1700 2389; x_wconf 83' lang='lat'>§.</span> <span class='ocrx_word' id='word_1_268' title='bbox 1725 2336 1768 2371; x_wconf 85' lang='lat'>2.</span> <span class='ocrx_word' id='word_1_269' title='bbox 1788 2326 1850 2368; x_wconf 91' lang='lat' dir='ltr'>D.</span> <span class='ocrx_word' id='word_1_270' title='bbox 1875 2318 1929 2369; x_wconf 82' lang='lat' dir='ltr'>de</span> 
     </span>
     <span class='ocr_line' id='line_1_36' title="bbox 327 2385 1580 2467; baseline 0.006 -31"><span class='ocrx_word' id='word_1_271' title='bbox 327 2385 507 2455; x_wconf 82' lang='lat' dir='ltr'>flumin.</span> <span class='ocrx_word' id='word_1_272' title='bbox 531 2392 913 2457; x_wconf 81' lang='lat' dir='ltr'>Gryphiander.</span> <span class='ocrx_word' id='word_1_273' title='bbox 935 2396 988 2446; x_wconf 85' lang='lat' dir='ltr'>de</span> <span class='ocrx_word' id='word_1_274' title='bbox 1010 2395 1140 2464; x_wconf 75' lang='lat' dir='ltr'><em>Inficl.</em></span> <span class='ocrx_word' id='word_1_275' title='bbox 1159 2412 1246 2467; x_wconf 85' lang='lat' dir='ltr'>cap.</span> <span class='ocrx_word' id='word_1_276' title='bbox 1269 2412 1338 2451; x_wconf 84' lang='lat'>14.</span> <span class='ocrx_word' id='word_1_277' title='bbox 1358 2414 1484 2447; x_wconf 79' lang='lat' dir='ltr'>num,</span> <span class='ocrx_word' id='word_1_278' title='bbox 1502 2413 1580 2457; x_wconf 85' lang='lat'>92.</span> 
     </span>
     <span class='ocr_line' id='line_1_37' title="bbox 480 2468 1926 2539; baseline 0.001 -25"><span class='ocrx_word' id='word_1_279' title='bbox 480 2476 515 2524; x_wconf 83' lang='lat'>3.</span> <span class='ocrx_word' id='word_1_280' title='bbox 607 2468 909 2530; x_wconf 58' lang='lat' dir='ltr'>cArtt&#39;ficz&#39;ales</span> <span class='ocrx_word' id='word_1_281' title='bbox 933 2471 1195 2522; x_wconf 86' lang='lat' dir='ltr'>terminos</span> <span class='ocrx_word' id='word_1_282' title='bbox 1219 2471 1341 2523; x_wconf 86' lang='lat' dir='ltr'>dico</span> <span class='ocrx_word' id='word_1_283' title='bbox 1357 2507 1373 2534; x_wconf 91' lang='lat'>,</span> <span class='ocrx_word' id='word_1_284' title='bbox 1400 2471 1490 2539; x_wconf 90' lang='lat' dir='ltr'>qui</span> <span class='ocrx_word' id='word_1_285' title='bbox 1515 2468 1804 2521; x_wconf 85' lang='lat' dir='ltr'>hominum</span> <span class='ocrx_word' id='word_1_286' title='bbox 1822 2483 1926 2536; x_wconf 86' lang='lat' dir='ltr'>ope</span> 
     </span>
     <span class='ocr_line' id='line_1_38' title="bbox 332 2533 1927 2616; baseline 0.003 -29"><span class='ocrx_word' id='word_1_287' title='bbox 332 2537 380 2587; x_wconf 73' lang='grc' dir='ltr'>δε</span> <span class='ocrx_word' id='word_1_288' title='bbox 418 2533 666 2585; x_wconf 84' lang='lat' dir='ltr'>industria</span> <span class='ocrx_word' id='word_1_289' title='bbox 701 2540 850 2604; x_wconf 77' lang='lat' dir='ltr'>politi</span> <span class='ocrx_word' id='word_1_290' title='bbox 876 2545 923 2593; x_wconf 67' lang='grc' dir='ltr'>δε</span> <span class='ocrx_word' id='word_1_291' title='bbox 950 2545 1035 2594; x_wconf 87' lang='lat' dir='ltr'>fixi</span> <span class='ocrx_word' id='word_1_292' title='bbox 1064 2545 1204 2600; x_wconf 77' lang='lat' dir='ltr'>sunt.</span> <span class='ocrx_word' id='word_1_293' title='bbox 1282 2547 1479 2616; x_wconf 61' lang='lat' dir='ltr'>Qiales</span> <span class='ocrx_word' id='word_1_294' title='bbox 1508 2544 1845 2612; x_wconf 79' lang='lat' dir='ltr'>suntlapides</span> <span class='ocrx_word' id='word_1_295' title='bbox 1869 2542 1927 2592; x_wconf 78' lang='lat' dir='ltr'>fi-</span> 
     </span>
     <span class='ocr_line' id='line_1_39' title="bbox 338 2609 1931 2690; baseline -0.002 -21"><span class='ocrx_word' id='word_1_296' title='bbox 338 2609 508 2669; x_wconf 70' lang='lat' dir='ltr'>nales,</span> <span class='ocrx_word' id='word_1_297' title='bbox 541 2614 724 2679; x_wconf 76' lang='lat' dir='ltr'>Burgi,</span> <span class='ocrx_word' id='word_1_298' title='bbox 750 2614 986 2670; x_wconf 78' lang='lat' dir='ltr'>clausurae</span> <span class='ocrx_word' id='word_1_299' title='bbox 1004 2652 1019 2681; x_wconf 86' lang='lat'>‚</span> <span class='ocrx_word' id='word_1_300' title='bbox 1045 2618 1261 2683; x_wconf 81' lang='lat' dir='ltr'>sacellae,</span> <span class='ocrx_word' id='word_1_301' title='bbox 1282 2617 1422 2673; x_wconf 80' lang='lat' dir='ltr'>folsae</span> <span class='ocrx_word' id='word_1_302' title='bbox 1438 2655 1454 2685; x_wconf 86' lang='lat'>,</span> <span class='ocrx_word' id='word_1_303' title='bbox 1476 2622 1571 2674; x_wconf 86' lang='lat' dir='ltr'>viae</span> <span class='ocrx_word' id='word_1_304' title='bbox 1591 2634 1760 2690; x_wconf 88' lang='lat' dir='ltr'>parvae</span> <span class='ocrx_word' id='word_1_305' title='bbox 1780 2621 1829 2669; x_wconf 77' lang='grc' dir='ltr'>δι</span> <span class='ocrx_word' id='word_1_306' title='bbox 1856 2617 1931 2667; x_wconf 85' lang='lat' dir='ltr'>vi·</span> 
     </span>
     <span class='ocr_line' id='line_1_40' title="bbox 1710 2690 1931 2753; baseline 0 -11"><span class='ocrx_word' id='word_1_307' title='bbox 1710 2691 1795 2742; x_wconf 87' lang='lat' dir='ltr'>cin</span> <span class='ocrx_word' id='word_1_308' title='bbox 1807 2690 1931 2753; x_wconf 83' lang='lat' dir='ltr'>ales,</span> 
     </span>
    </p>
   </div>
   <div class='ocr_carea' id='block_1_9' title="bbox 2067 0 2107 2860">
    <p class='ocr_par' dir='ltr' id='par_1_9' title="bbox 2067 0 2107 2860">
     <span class='ocr_line' id='line_1_41' title="bbox 2067 0 2107 2860; baseline 0 0"><span class='ocrx_word' id='word_1_309' title='bbox 2067 0 2107 2860; x_wconf 95' lang='lat' dir='ltr'> </span> 
     </span>
    </p>
   </div>
  </div>
 </body>
</html>
