2107 2860
417 153 512 205 Dr.
552 150 808 206 Lninn
852 150 1278 218 ΤεκΜιΝΛιῐ,
1318 152 1417 208 Sec.
1684 168 1787 219 247

170 293 256 354 lib.
281 315 330 357 3.
358 296 433 345 tit.
459 304 529 344 26.
550 311 675 345 num.
697 310 744 345 2.
820 290 903 345 Ab
927 289 1240 360 hujusmodi
1265 307 1444 347 tamen
1468 291 1799 364 praesumtio-

171 386 244 422 ne
269 367 539 421 receditur
559 385 651 437 per
673 367 964 420 contrarias
984 368 1439 439 praesumptiones,
1457 367 1801 436 &conjectu-

174 462 285 508 ras‚
322 441 518 513 quibus
552 442 683 493 fines
714 441 807 512 ipsi
843 443 892 494 &
915 443 1223 496 terminales
1251 445 1452 515 lapides
1482 443 1698 514 probari
1723 441 1802 494 so..

174 521 308 574 lent.
332 533 415 590 per
450 518 484 572 l.
522 517 668 584 census
701 525 764 572 D.
794 516 848 568 de
871 514 1041 590 probat.
1068 518 1226 571 Guid.
1257 527 1398 588 Papae
1422 518 1567 586 confil.
1594 529 1673 576 88.
1696 517 1802 568 late

181 592 440 645 Menoch.
471 590 613 646 confil.
645 608 750 654 147.
784 611 910 646 num.
943 611 982 645 ι.
1011 591 1158 654 (5⁹36.
1183 594 1402 664 August,
1425 592 1663 650 Barbosa.
1678 591 1741 644 ad
1764 592 1800 645 l.

163 665 473 740 fiucffonum
491 685 535 718 2.
560 675 609 724 C,
624 668 792 735 finium
813 669 1000 741 regund.
1026 688 1156 728 num.
1179 688 1225 726 2.
1248 669 1306 730 ῤ’
1328 685 1366 732 3.

846 751 886 800 §.
959 745 999 791 X
1022 748 1107 792 VI.

330 830 369 866 ι.
446 809 600 863 Hisce
636 811 708 863 ita
743 808 1012 881 praemiffis
1037 850 1051 872 ‚
1093 811 1345 879 quaeritur
1385 811 1493 862 hoc
1526 810 1652 864 loco
1675 827 1805 882 prae-

179 885 336 957 cipue
352 919 367 948 ,
400 904 460 937 an
490 889 787 938 terminorum
818 904 867 935 ac
902 886 1205 935 columnarum
1234 886 1457 936 Fmalmm
1491 894 1606 938 Cura
1642 886 1700 946 ό*
1724 902 1806 958 po-

171 962 280 1031 litio
301 961 366 1032 fit
387 962 513 1013 adm
543 959 865 1013 Juradmzonbs
893 959 1211 1011 territorialu?
1242 958 1563 1029 Respondeo
1591 959 1801 1033 quodstc.

181 1036 288 1090 {ive
321 1037 585 1088 terminos
620 1034 743 1087 istos
769 1047 826 1086 ut
854 1030 1049 1085 Publicos
1073 1032 1174 1087 five
1200 1048 1257 1086 ut
1270 1038 1485 1106 privatos
1508 1034 1809 1087 confidere·

185 1129 327 1168 mus.
401 1129 439 1167 1.
478 1109 678 1165 Publici
701 1126 938 1179 namque
959 1110 1178 1161 termini
1200 1109 1434 1162 confinia
1454 1112 1691 1162 Ducatus
1713 1123 1806 1162 aut

187 1188 496 1240 Comitatus
521 1199 861 1237 concernunt
881 1201 939 1236 ac
963 1185 1304 1236 territorialia
1327 1186 1377 1236 &
1401 1185 1500 1237 alia
1522 1182 1807 1256 superiori-

186 1262 307 1314 tatis
338 1265 454 1329 jura
485 1261 513 1327 5
536 1260 726 1312 vicinis
751 1260 1052 1329 segregant,
1073 1276 1185 1328 quo
1213 1262 1360 1310 Bona
1380 1261 1724 1313 Domanialia
1748 1262 1807 1313 in

179 1336 280 1389 suo
313 1335 528 1405 integro
559 1334 685 1387 statu
721 1335 924 1388 illibata
963 1335 991 1387 5
1027 1338 1393 1404 cujuscunque
1428 1334 1704 1388 invasione
1738 1337 1808 1388 ri-

187 1423 241 1462 te
261 1409 650 1469 custodiantur.
730 1415 866 1484 Qae
892 1413 1002 1479 jura
1031 1410 1810 1482 praecipuePrincipitanquam

187 1487 412 1557 proprio
443 1485 519 1538 sui
551 1487 810 1538 territorii
834 1485 1102 1539 defensori
1122 1484 1651 1556 incumbuntzcujus
1684 1504 1811 1558 pro-

191 1562 370 1632 prium
395 1563 464 1614 est
486 1562 638 1614 suum
660 1563 998 1615 Domanium
1028 1564 1077 1615 &
1102 1561 1691 1632 suamjurisdi‘stionem
1705 1576 1812 1615 ter-

192 1637 354 1689 minis
389 1635 616 1707 publicis
641 1638 938 1707 unicuique
963 1639 1136 1709 palam
1157 1637 1356 1702 facere,
1378 1641 1562 1694 eamve
1584 1640 1611 1691 5
1634 1643 1813 1697 cuius-

193 1712 276 1764 vis
305 1710 498 1764 insultu
523 1712 834 1771 defendere.
857 1730 954 1787 arg.
975 1715 1004 1766 l,
1027 1732 1073 1770 2.
1105 1720 1153 1778 §.
1177 1718 1395 1789 originem
1417 1735 1478 1778 13·
1503 1725 1562 1768 D.
1578 1714 1812 1787 deorigm.

178 1788 286 1863 jur.
319 1788 352 1842 l.
385 1808 423 1842 1.
457 1791 502 1849 §.
523 1807 598 1839 12.
617 1798 678 1843 D.
700 1792 756 1841 de
776 1789 1092 1864 offimpraeftdi‘.
1117 1795 1218 1849 urb.
1247 1792 1492 1861 Gylman,
1518 1813 1552 1843 1.
1576 1790 1712 1862 decas.
1725 1798 1811 1841 Ca-

195 1880 308 1918 mer.
330 1882 366 1914 1.
387 1881 517 1919 num.
540 1878 616 1919 24.
645 1862 703 1924 (θ’
724 1864 888 1938 constq.
914 1867 1000 1920 Ma
1006 1883 1116 1936 ger.
1139 1870 1194 1920 de
1211 1867 1426 1920 advocat.
1446 1886 1558 1919 arm.
1576 1881 1663 1936 cap.
1680 1884 1811 1917 num.

200 1949 282 1997 64·
311 1940 415 1991 Dn.
448 1936 755 2007 Knipschilt.
784 1940 839 1992 de
859 1941 946 1993 iar.
967 1945 1107 1993 civit.
1124 1943 1201 1993 lib.
1219 1961 1260 2000 5.
1279 1956 1368 2012 cap.
1390 1959 1457 1995 12.
1477 1958 1557 2011 per
1581 1954 1666 1994 tot.
1747 1942 1811 1990 Et

198 2014 336 2066 hanc
367 2029 549 2066 curam
583 2011 853 2083 separandi
883 2032 1039 2085 agros
1074 2015 1319 2084 publicos
1351 2015 1377 2065 ὲ
1409 2016 1625 2082 privatis
1649 2050 1664 2077 ,
1700 2018 1810 2081 jam

195 2092 356 2142 Divus
393 2090 498 2140 Pius
536 2091 859 2158 Imperator,
890 2089 1092 2141 Praefidi
1127 2090 1417 2142 Provinciae
1453 2088 1698 2160 fingulari
1730 2106 1811 2140 re-

199 2164 392 2235 scripto
428 2163 732 2228 mandavit,
751 2184 803 2217 m
825 2163 918 2234 Lſs
937 2165 1134 2236 legatum
1155 2184 1198 2224 5.
1219 2164 1550 2234 §.finis1,ibt':
1574 2164 1814 2234 finespu-

200 2239 373 2293 blicos
399 2240 424 2290 5
450 2240 665 2308 privatis
685 2242 742 2294 D.
772 2241 825 2293 de
846 2239 1008 2311 operib.
1031 2238 1154 2313 publ.
1234 2243 1302 2291 Ut
1332 2241 1699 2311 unusquisque
1730 2239 1817 2292 sua

203 2315 343 2367 sorte
368 2329 657 2367 contentus
686 2312 837 2378 esset,
861 2332 960 2367 nec
986 2331 1068 2367 res
1091 2316 1285 2367 alienas
1309 2330 1599 2385 appeteret.
1641 2315 1817 2387 Qod

205 2394 445 2461 primum
471 2395 578 2442 Rex
596 2399 745 2442 Numa
764 2393 1005 2463 Pompilius
1027 2391 1274 2462 singulari
1296 2390 1362 2442 de
1386 2392 1743 2447 terminandis
1764 2409 1817 2443 a·

207 2467 312 2537 gris
347 2467 448 2517 lata
478 2466 594 2536 lege
615 2467 770 2524 cavit.
792 2466 917 2519 teste
940 2467 1153 2520 Dionis.
1181 2467 1521 2522 Halicarnass.
1557 2467 1711 2535 histor.
1738 2464 1822 2522 lsb.

206 2561 254 2596 2.
284 2545 335 2594 in
357 2543 452 2607 fine
479 2559 595 2611 quae
621 2556 804 2595 tamen
828 2560 977 2606 cura,
1000 2538 1220 2596 successu
1244 2544 1504 2614 temporis
1528 2559 1690 2613 penes
1714 2545 1821 2594 lm·

206 2618 413 2692 perium
437 2632 712 2683 tenenteS‚
737 2619 1020 2690 permansit
1046 2621 1097 2674 &
1119 2617 1185 2669 ad
1207 2635 1299 2672 eos
1314 2619 1550 2674 derivata
1562 2617 1823 2672 fuit.Prae-

1098 2694 1194 2751 Hb
1235 2710 1258 2764 3
1688 2690 1810 2747 fidis
