2107 2860
422 55 494 109 De
508 60 615 127 Imp.
629 62 756 108 Rom.
773 55 1007 109 occident.
1024 53 1247 109 translat.
1263 53 1363 114 &a
1652 75 1706 128 51

135 149 359 207 decarol.
373 161 437 207 M.
469 152 657 205 Carolus
673 156 777 208 hoc
797 169 1038 223 tempore
1057 153 1088 206 ὲ
1102 156 1357 215 Romanis
1375 151 1606 225 Augustus
1624 170 1716 223 ap-

137 230 341 296 pelatus
365 230 452 282 est.
532 229 658 282 Idcb
691 229 836 296 qubd
876 229 983 281 haec
1009 229 1217 294 imperii
1239 231 1471 281 Romani
1498 230 1713 280 transla-

136 304 250 360 tio,
291 319 401 354 non
428 303 629 353 Romani
660 301 914 368 Pontgficm
965 303 1047 353 sed
1082 299 1240 370 Populi
1261 303 1456 351 Romani
1478 302 1715 354 authori-

139 377 392 427 tatefafita
415 377 505 432 fit.
556 375 659 428 late
691 391 875 428 contra
903 377 1143 427 Bellarm.
1177 379 1227 427 ὅ(
1263 376 1482 428 Gretset.
1521 370 1716 426 deducit

142 449 414 518 Henning.
438 453 640 502 Arnisae.
654 449 712 500 de
731 448 956 500 translat.
973 448 1266 516 Imperiicap.
1284 468 1329 512 7.
1347 461 1434 517 per
1445 460 1533 499 tot.
1578 449 1717 500 Gol-

143 523 263 574 dast.
291 524 589 592 inApolog.
614 526 751 576 Petr.
777 525 921 591 Heig.
935 517 1013 572 lib.
1032 520 1232 591 1.quaest.
1248 541 1291 573 2.
1308 538 1447 572 num.
1473 540 1545 581 23.
1606 523 1717 574 Ru-

141 608 274 662 pert.
308 598 364 646 in
391 596 667 648 Obsetvat.
704 599 768 647 ad
793 597 999 647 Besold.
1031 595 1249 661 Synops.
1282 592 1439 660 histor.
1467 595 1607 665 capit.
1642 613 1713 657 17.

144 669 363 720 Atthur·
376 669 543 720 Duck.
557 667 616 722 de
627 666 857 720 antharit.
865 671 972 732 jur.
987 665 1120 718 civil.
1135 669 1190 718 in
1203 680 1320 720 terr.
1334 670 1532 738 Princip.
1551 663 1718 737 Gbrss.

143 735 285 794 trba.
310 755 467 812 cap.2.
493 759 627 793 num.
647 761 680 794 1.
704 739 820 803 ὣς.
864 744 1134 810 Siquidem
1159 744 1320 795 inhac
1338 745 1721 795 acclamatione

151 818 202 867 &
226 817 530 868 laudatione
552 831 667 869 tum
696 820 952 885 temporis
989 816 1176 868 eleEtio
1204 817 1411 869 Caesatis
1438 832 1596 884 penes
1621 818 1723 870 Po-

146 890 335 956 pulum
369 892 679 942 Romanum
707 928 723 952 ‚
789 895 840 943 &
868 890 1530 958 Constantinopolitanum
1556 890 1727 942 confi-

151 962 335 1015 stebat:
378 965 544 1032 Qod
563 967 821 1016 evincunt
849 964 1018 1018 Verba
1048 966 1336 1015 Herm-anni
1365 964 1641 1016 Contraffi
1666 967 1725 1015 in

153 1037 440 1089 Chronicis
456 1075 470 1096 ‚
506 1039 635 1089 dum
663 1038 866 1089 scribit:
917 1035 1106 1088 Carolus
1142 1035 1375 1107 Imperiali
1410 1032 1724 1088 benedth'one

141 1104 437 1176 fieblimatus
459 1144 474 1164 ,
527 1108 758 1181 Augustus
784 1106 844 1167 ά
875 1112 1016 1178 Caesar
1050 1118 1251 1162 Romano
1281 1128 1408 1162 more
1449 1107 1724 1182 appellatur.

154 1185 339 1234 Herm.
365 1185 559 1240 (Zontr.
588 1187 791 1237 Comes
814 1186 879 1236 de
903 1186 1168 1252 veringen
1198 1188 1423 1240 Saevus,
1462 1186 1572 1255 (qui
1593 1180 1728 1235 hodie

155 1257 360 1320 Princeps·
377 1251 437 1304 ab
453 1252 792 1307 Hohenzollern
804 1262 968 1326 paret)
992 1261 1084 1324 qui
1099 1259 1289 1323 scripsit
1325 1261 1491 1308 Anno
1516 1259 1658 1308 MXI.
1671 1258 1729 1307 in

154 1322 611 1377 Chron.aedAnnum
625 1336 802 1378 DCCC.
820 1333 956 1394 apud
984 1331 1166 1382 Pistor.
1190 1325 1738 1398 Freher.adLupold.de

153 1394 437 1471 Babenberg.
454 1399 629 1465 defflre
642 1409 806 1471 Imper.
819 1415 915 1470 cap.
934 1418 971 1452 ι.

317 1492 359 1538 3.
405 1475 537 1527 Sane
563 1492 623 1526 ex
640 1475 733 1526 hac
759 1477 995 1528 Coronae
1020 1475 1435 1542 impofitioneex
1461 1489 1589 1529 tunc
1613 1492 1735 1529 mos

156 1549 413 1613 inolevit,
453 1562 512 1600 ut
546 1550 892 1617 Imperatores
927 1550 1237 1602 Occidentis
1261 1551 1290 1602 ὲ
1315 1553 1573 1603 Romanis
1597 1552 1740 1603 Pon·

160 1622 389 1675 tificibus
408 1637 636 1675 coronas
668 1625 962 1691 acciperent
980 1655 997 1679 ,
1056 1637 1216 1690 atque
1243 1641 1306 1675 ex
1327 1640 1387 1676 ea
1421 1625 1738 1677 solennitate

164 1697 381 1762 Augusti
408 1697 621 1749 inltalia
647 1696 993 1757 haberentur,
1039 1712 1161 1748 cum
1189 1700 1377 1749 Romae
1389 1699 1495 1761 jam
1513 1698 1737 1751 &multis

162 1767 316 1820 annis
332 1804 347 1828 ,
386 1785 446 1819 ex
456 1785 566 1835 quo
582 1770 645 1821 de
659 1771 974 1837 imaginibus
986 1772 1348 1837 disceptatum,
1365 1775 1634 1839 perexigua
1646 1784 1739 1823 aut

167 1842 314 1892 nulla
352 1842 518 1894 Graeci
554 1843 887 1907 Imperatoris
932 1847 1222 1895 reverentia
1265 1844 1405 1894 effet.
1442 1845 1641 1896 Ftehet.
1673 1844 1739 1895 ad

169 1915 310 1968 Pett.
333 1915 399 1965 de
422 1914 618 1965 Andlo·
642 1910 722 1963 lib.
740 1930 783 1963 2.
812 1925 909 1981 cap.
927 1925 975 1963 ό.
991 1915 1271 1966 Besold·de
1285 1915 1440 1966 Elea.
1456 1918 1505 1966 ὅ(
1523 1916 1741 1967 Succeffi

169 1983 253 2037 ab.
278 2006 318 2047 3·
343 1983 515 2055 diffirt.
541 2002 577 2037 1.
599 2001 733 2035 num.
754 1996 796 2037 8.
812 1980 973 2054 &⁴sssp
994 1984 1153 2055 Joan.
1182 1989 1441 2040 Cluvetus
1463 1988 1517 2037 in
1540 1987 1740 2057 Epitom.

171 2056 390 2129 hf'stordn
411 2061 590 2114 Catol.
614 2057 787 2128 M.ftl.
803 2077 924 2123 410.

338 2154 391 2198 4.
435 2135 527 2187 Ob
545 2147 630 2185 tot
651 2137 847 2201 egregia
862 2132 990 2184 faeta
1000 2129 1187 2183 Carolm
1196 2138 1452 2205 Imperator
1461 2135 1524 2187 ab
1538 2137 1745 2190 univer-

177 2208 241 2262 fis
265 2209 588 2261 Nationibus
603 2206 795 2259 meritc>
813 2212 1009 2277 Magnus
1023 2221 1239 2260 vocatus
1253 2209 1371 2260 fuit.
1444 2212 1537 2263 Vir
1550 2211 1744 2277 quippe

175 2285 331 2334 omni
358 2279 646 2348 Sapientia,
694 2283 743 2333 &
762 2285 916 2332 omni
939 2284 1134 2334 virtute
1158 2283 1211 2331 in
1224 2282 1460 2333 humano
1473 2283 1746 2350 generesui

182 2353 578 2421 temporisadeb
593 2355 904 2422 praecellens,
923 2367 982 2406 ut
997 2355 1307 2407 ommnibus
1324 2357 1529 2407 Orbem
1542 2355 1746 2407 inhabi-

182 2429 416 2481 tantibus
437 2429 677 2483 tetribilis
692 2465 708 2493 ,
746 2428 1028 2483 amicabilis
1055 2429 1242 2495 paritet
1267 2432 1317 2484 ὅ(
1338 2428 1651 2483 admirabilis
1672 2432 1750 2480 vi-

996 2503 1047 2556 G
1088 2520 1118 2555 2
1514 2503 1746 2556 deretur:
