2107 2860
215 169 234 193 s
370 148 463 199 DE
501 147 724 199 POENA
760 145 1082 198 TERMINx
1117 139 1475 197 Mo'roms.
1642 157 1732 210 295

120 236 282 266 Δ*
297 242 1730 262 ———-———-—-—·——-—-———--———-——-

119 304 233 347 mot.
249 285 575 363 dgsput.32.th.
590 307 637 351 9.
717 285 985 360 Qamvis
1011 299 1192 339 autem
1210 288 1314 338 Lex
1338 284 1537 338 Divina
1558 281 1614 334 in
1641 281 1731 334 ad-

119 365 290 417 ductis
318 362 468 416 dictis
492 378 675 436 praeter
702 361 1177 428 maledictionem,
1210 362 1414 414 nullam
1432 360 1592 413 aliam
1617 374 1729 430 poe-

117 457 244 493 nam
266 441 541 513 politicam
563 441 953 493 Terminorum
968 441 1176 491 Motori
1197 436 1538 508 imposuerit:
1555 438 1624 487 Ea
1646 448 1724 488 ta-

116 534 245 569 men
266 515 488 569 arbitrio
511 516 712 582 Judicis
733 514 1036 568 definienda
1055 513 1232 566 relidia
1253 511 1376 566 fuit.
1456 510 1724 583 Qaedam

116 593 263 643 enim
286 590 472 644 scelera
502 594 608 643 Lex
634 594 830 646 Divina
857 591 1108 662 prohibet
1130 589 1352 660 quidem
1375 624 1392 653 ,
1429 604 1609 658 poenas
1633 603 1724 638 au-

115 679 228 718 tem
253 666 423 718 nullas
447 666 712 734 decernit,
742 668 828 721 sed
853 667 1182 738 Magistratui
1209 681 1464 736 tanquam
1488 666 1724 733 Legum„

113 740 464 812 positivarum
489 743 743 808 Custodi,
793 743 1122 796 Libertatem
1154 758 1334 813 poenas
1358 738 1641 810 infligendi
1669 739 1723 791 δε

112 834 212 888 pro
237 817 752 872 circumstantiarum
779 820 1021 874 ratione,
1045 819 1131 872 vel
1153 815 1490 887 exasperandi
1512 815 1597 867 vel
1620 814 1723 865 mi-

114 892 342 958 nuendi,
358 896 640 965 permittitz
654 897 818 948 Sicuti
840 896 895 945 in
911 897 1176 946 Termino
1192 890 1724 944 Motore-cernimus.

110 968 388 1027 Wilhelm.
407 975 625 1042 Zepper.
639 978 696 1022 de
711 967 864 1043 Legib.
878 967 1062 1040 Mafaic·
1075 965 1156 1026 lib,
1177 988 1209 1020 ι.
1225 983 1317 1041 cap.
1331 987 1392 1023 ιι.
1407 965 1646 1037 feam-99.

813 1051 853 1102 ς,
919 1046 1006 1092 111.

259 1132 293 1168 1.
345 1120 443 1166 Iure
464 1112 680 1166 canonico
702 1110 944 1163 Clericus
963 1110 1253 1163 Terminos
1268 1109 1450 1163 finales
1466 1122 1721 1170 movens,

106 1188 339 1258 graviter
359 1203 577 1254 quoque
598 1200 905 1249 coercetur3
953 1188 1002 1239 δι
1026 1202 1137 1256 quo
1161 1188 1219 1237 in
1242 1187 1432 1254 majori
1455 1183 1721 1254 dignitate

107 1261 425 1314 constitutus
449 1259 543 1324 est,
580 1277 646 1312 eo
674 1263 867 1314 acriori
889 1277 1047 1330 poena
1070 1261 1543 1320 animadvertitur3
1565 1277 1659 1331 arg.
1680 1259 1717 1314 l.

103 1340 279 1391 Divus.
294 1354 338 1385 2.
355 1344 414 1389 D,
440 1335 494 1388 de
506 1340 811 1396 termimmot.
885 1339 1029 1390 Nam
1058 1336 1380 1407 Episcopum
1404 1334 1716 1402 januarium

99 1410 330 1481 graviter
345 1411 584 1483 increpat
600 1416 971 1483 P.Gregorius3
991 1417 1238 1482 Eumque
1252 1412 1325 1465 ob
1340 1410 1716 1464 turbationem

99 1487 150 1540 &
169 1487 511 1541 amotionem
535 1490 797 1541 Limitum
828 1490 1024 1559 majori
1044 1489 1612 1541 excommunicatione
1636 1484 1718 1536 di-

101 1578 270 1632 gnum
293 1562 549 1628 judicavit
573 1566 631 1616 in
655 1567 831 1635 Capit.
853 1579 1016 1629 tanta,
1039 1585 1115 1633 24.
1143 1564 1386 1618 Distinet.
1407 1565 1498 1619 86.
1574 1569 1715 1613 Tanta

98 1643 125 1704 (
137 1637 349 1706 inquit)
373 1644 575 1714 nequitia
595 1641 658 1694 ad
676 1660 803 1694 aures
823 1661 946 1695 meas
968 1642 1023 1694 de
1047 1658 1124 1695 tua
1135 1643 1360 1711 ftnec'i‘ute
1373 1641 1593 1708 pervenit
1608 1678 1622 1701 ,
1660 1650 1715 1689 ut
1747 1634 1749 1637 ’

97 1730 213 1777 eam,
228 1717 280 1764 m'
295 1715 466 1768 zadhuc
486 1715 1056 1791 humanituspenfhremus,
1079 1717 1176 1770 fixa
1200 1721 1308 1787 jam
1324 1713 1711 1769 maledictione

97 1785 415 1850 feriremusg
473 1791 691 1843 Didium
718 1795 917 1863 quippe
939 1795 1077 1846 mihi
1097 1795 1194 1857 est,
1229 1791 1381 1864 quod
1405 1789 1710 1841 Dominico

100 1862 190 1914 die
213 1881 520 1933 priusquam
543 1864 814 1918 Miffarum
830 1870 1069 1920 solennia
1089 1870 1399 1927 celebrares,
1415 1864 1479 1915 ad
1496 1879 1707 1915 exaran-

99 1938 232 1991 dum
255 1938 470 1993 messem
495 1943 700 1996 Latoris
717 1943 1048 2010 praesentium
1068 1944 1362 2012 perrexisti,
1385 1943 1434 1992 &
1459 1939 1571 2008 post
1594 1955 1709 1988 exa-

97 2016 366 2067 rationem
384 2020 516 2081 eius,
535 2013 804 2068 missarum
820 2017 1058 2070 solennia
1079 2017 1369 2069 celebrasti:
1398 2015 1511 2085 post
1537 2009 1707 2064 miffa-

96 2108 217 2142 rum
238 2092 492 2155 solennia,
515 2094 676 2144 etiam
697 2094 990 2149 Termino)
1018 2090 1344 2162 poffeffionis
1369 2091 1510 2142 illius
1537 2087 1713 2140 eradi-⁷

96 2184 213 2220 care
237 2169 467 2220 minime
483 2169 722 2224 timuisti.
800 2169 971 2240 Qod
986 2166 1311 2237 factumquae
1335 2182 1490 2237 poena
1515 2163 1708 2215 debeat

96 2244 322 2314 insequi,
346 2261 556 2307 omnes5
579 2249 669 2313 qui
686 2244 930 2307 audiunt,
947 2244 1130 2298 sciunt.
1213 2249 1430 2312 Propter
1452 2240 1600 2310 qnod
1619 2239 1707 2290 de-

94 2319 311 2378 licium,
346 2320 925 2372 excommunicationis
950 2339 1104 2392 poena
1125 2317 1296 2371 fuisset
1318 2317 1533 2386 jaculata
1558 2317 1612 2366 in
1644 2316 1703 2366 E-

98 2395 379 2464 piscopum
397 2432 412 2460 ,
435 2395 530 2447 nisi
555 2395 809 2449 seiieffilis
834 2396 1136 2468 simplicitas
1160 2400 1561 2471 mitigationem
1592 2401 1704 2460 sen-

100 2472 280 2523 tentiae
309 2472 556 2543 singulari
580 2472 971 2542 dispensatione
1002 2470 1284 2529 meruisset.
1310 2483 1449 2546 Capit.
1470 2494 1615 2530 tama.
1639 2504 1701 2537 ῃ,

96 2547 215 2617 cauſs
231 2567 267 2601 ι.
294 2549 434 2619 quaesl.
462 2571 504 2612 7.
581 2550 748 2621 Igitur
773 2550 1054 2602 Amotoris
1084 2553 1301 2605 termini
1329 2559 1484 2608 Poena
1509 2561 1711 2627 regula·
1754 2608 1757 2609 γ

94 2624 224 2676 riter
244 2623 312 2678 est
338 2627 830 2682 excommunicatio
861 2630 1154 2754 majorbper
1179 2630 1291 2695 did't',
1308 2648 1397 2706 cap.
1423 2647 1570 2688 tanta.
1592 2634 1700 2693 ibis

1095 2719 1154 2769 ος
1599 2709 1698 2764 fixa
1748 2730 1753 2731 ⁷
