2107 2860
597 44 1161 110 PRAEFATlo.

105 176 173 229 ris
193 174 248 227 in
277 167 431 221 rebus
463 161 682 230 reperire
714 153 888 207 solent
916 187 932 211 ‚
994 144 1097 216 ipse
1128 131 1458 211 potissimum
1486 134 1542 188 in
1557 132 1692 190 hisce

108 247 284 303 studiis
297 247 345 295 &
361 241 492 293 oiim
508 232 740 305 quaefivit
752 267 768 291 ,
810 230 858 280 δι
871 225 936 278 ab
952 223 1058 276 hoc
1080 218 1323 272 instituto
1342 227 1409 264 ne
1423 226 1569 263 nunc
1581 210 1699 277 qui--⁵

109 324 231 375 dem
259 316 453 370 recedit
480 350 495 374 ‚
533 317 823 379 'promptus
840 299 1040 367 semper
1070 308 1129 346 ac
1148 294 1419 349 intentus»,
1457 286 1698 354 quoties-

110 408 324 462 cunque
349 389 577 443 vacuitas
603 384 853 434 horarum
877 411 892 435 ,
939 370 1150 441 privatis
1184 362 1411 434 negotiis
1433 355 1696 413 concessa-

108 486 256 539 rum,
280 460 690 525 illudindulget‚
727 455 885 505 etiam
900 447 966 499 sic
984 442 1198 515 publico
1213 431 1417 506 egregi&
1441 431 1700 503 prodesse.'

117 538 328 612 Opteut
352 534 522 589 modo
549 542 759 583 mecum
784 563 799 586 ‚
855 521 1046 590 quibus
1062 517 1179 568 talia
1195 515 1362 580 legere
1375 507 1698 576 volupefue.

113 621 212 678 rit,
248 617 465 679 longam
483 610 598 662 vito
624 603 834 655 summo
857 592 1288 648 incolumitatem
1323 622 1338 645 ‚
1384 580 1698 636 &denostra

115 695 171 745 in
214 688 426 742 edendo
467 697 588 734 cura
627 689 851 731 omnem
895 666 1197 722 industriam
1240 660 1333 713 fibi
1364 658 1703 726 promittant.

120 763 288 832 Quod
304 761 338 813 fi
361 760 447 812 illa
473 769 651 809 tamen
673 785 689 807 ‚
738 751 794 801 in
815 747 922 798 hoc
946 740 1163 794 forsitan
1190 734 1358 794 libre,
1415 744 1475 783 ut
1489 730 1701 785 fitintet

117 842 267 894 initia
282 834 544 890 videbitur
559 826 750 880 alicubi
765 817 996 873 defuisse,
1012 830 1124 867 non
1139 805 1484 863 Nobiliffimo
1497 803 1704 858 autori.

115 915 204 969 sed
217 913 388 979 operis
404 899 789 975 typographicis
801 929 816 951 ‚
842 885 1549 962 propterappropinquantes
1565 891 1705 931 nun-.

119 993 266 1055 dinas
281 977 726 1037 festinantioribus
741 1011 756 1034 ‚
794 966 1129 1021 hastenusim
1138 970 1349 1027 putetur
1366 979 1377 1004 :
1415 951 1704 1007 aberratio-

120 1064 308 1121 nibus,
349 1073 464 1126 quae
485 1049 811 1120 apparebunt
829 1084 843 1105 ‚
878 1040 1019 1093 haud
1045 1033 1323 1089 difficulter
1342 1025 1704 1082 emendandis.

119 1137 339 1192 Interim
366 1128 757 1199 perspicaciores
782 1123 835 1171 in
862 1115 1124 1185 posterum
1148 1106 1369 1168 oculos,
1413 1103 1556 1155 bona
1570 1098 1706 1160 fide,

122 1210 315 1265 Lector
328 1201 631 1272 aequanimis
649 1192 1030 1262 flbispondear‚
1065 1172 1707 1249 fimulqueconatibushi-

125 1275 698 1337 sceconstanterfavere
712 1279 906 1336 pergat.
948 1263 1214 1325 Scriptum
1227 1255 1484 1321 Tubingae
1501 1246 1708 1319 5.Apri·7

123 1361 187 1413 lis
201 1395 216 1420 ‚
255 1355 422 1408 Anno
441 1346 732 1403 servatoris
754 1339 979 1394 human}
991 1329 1341 1387 MDCLXUI.

983 2254 1054 2323 )(
1088 2273 1110 2317 3
1494 2242 1718 2301 ORDO
