2107 2860
801 51 1386 113 PRAEFATIOL

316 158 728 220 controversiam
746 154 972 223 positum
985 155 1081 204 erit
1097 189 1111 211 ,
1150 164 1330 203 tantos
1347 154 1485 202 vitos
1505 189 1518 212 ‚
1555 155 1644 219 qui
1661 155 1881 208 &solida

313 237 523 307 pollent
546 232 870 288 eruditione,
911 231 960 278 &
983 223 1284 292 gravissimis
1307 224 1459 275 rebus
1484 228 1694 291 agendis
1708 233 1885 294 quoti-

314 310 523 364 dianam
547 317 762 355 manum
786 315 844 350 ae
864 313 1102 350 mentem
1128 299 1422 350 admovent
1444 329 1459 351 ‚
1508 299 1572 347 de
1601 300 1764 350 arduo
1779 303 1883 354 hoc

313 384 438 447 juris
450 377 643 445 publici
656 385 973 439 argumento
991 408 1005 432 ,
1057 373 1186 423 circa
1202 371 1348 439 quod
1363 371 1580 422 subinde
1596 370 1888 434 versantur,

315 455 562 505 omnium
589 443 796 514 optime
831 445 972 513 poffe
1004 446 1370 497 commentari.
1454 447 1774 513 Qanquam
1803 460 1893 496 au-

316 542 426 577 tem
453 516 893 575 Excellentiffimo
918 520 1165 572 Domino
1181 520 1375 573 Autori
1393 517 1723 585 propositum
1740 518 1862 570 esset
1876 555 1892 578 ‚

315 613 496 651 totum
526 596 589 646 de
607 594 702 644 hac
724 594 938 645 materia
959 609 1093 660 opus
1115 592 1268 643 fimul
1294 594 1350 643 in
1379 593 1520 643 orbis
1546 593 1735 643 eruditi
1765 607 1893 643 con-

314 671 542 739 spestum
561 669 710 726 dare,
746 681 983 719 attamen
998 664 1554 727 cumulatiffimmum,
1593 666 1781 732 quibus
1798 666 1895 716 bo-

316 760 392 796 no
413 743 629 810 publico
655 741 954 801 distinetur,
996 742 1338 808 negotiorum
1361 740 1560 799 moleS,
1601 740 1893 790 identidem

319 831 585 871 recurrens
605 854 620 876 ,
669 816 722 866 id
741 830 905 882 usque
933 815 1037 867 huc
1064 813 1287 866 minime
1301 813 1548 880 permitit.
1623 813 1895 878 Itaqueilli

319 912 805 980 hunc‚quijuresuo
819 913 1052 979 reliquos
1066 910 1347 966 antecedit,
1365 884 1449 954 de
1470 888 1811 981 Principu
1826 910 1893 965 m

322 1000 397 1067 &
434 995 743 1063 aliorum
795 991 1142 1060 Statuum
1196 992 1484 1086 Imperii
1522 993 1898 1059 Romano-

327 1104 392 1170 G
407 1095 749 1166 ermanici
771 1094 995 1191 prisca
1018 1097 1254 1192 origin
1269 1119 1326 1175 e,
1357 1115 1551 1167 librum
1569 1115 1899 1182 singularem,

321 1217 391 1253 ne
413 1199 672 1260 desideriis
705 1198 929 1249 aliorum
954 1197 1181 1249 honestis
1198 1234 1212 1256 ,
1241 1197 1445 1264 suisque
1468 1201 1598 1249 item
1615 1195 1902 1266 promiffiS,

326 1275 460 1326 nihil
475 1274 592 1323 dare
611 1272 747 1323 velle
764 1272 1024 1322 videretur
1038 1303 1054 1323 ‚
1087 1272 1332 1336 tantisper
1351 1274 1667 1337 praemittere
1684 1272 1913 1338 placuit}

323 1347 675 1415 procuratoin
688 1344 831 1394 hunc
853 1343 1128 1393 tractatum
1153 1379 1167 1402 ‚
1213 1345 1260 1393 &
1287 1378 1301 1400 ‚
1348 1345 1601 1408 quiillum
1620 1344 1905 1409 sequentur

324 1420 487 1488 paulo
503 1415 922 1485 post,conlimilis
937 1417 1232 1480 argumenti
1246 1415 1435 1480 plures,
1451 1417 1516 1465 ab
1529 1419 1581 1466 in
1591 1414 1909 1483 signitisstma

324 1496 488 1547 Sacrae
512 1491 749 1543 Caesareae
792 1488 1069 1550 Maiestatis
1099 1489 1258 1556 gratia
1280 1525 1295 1548 ‚
1343 1504 1503 1555 quam
1534 1489 1656 1540 alias
1683 1491 1903 1557 quoque

330 1580 558 1636 pronam
575 1563 728 1615 sensit
753 1596 769 1617 ‚
807 1577 932 1614 cum
959 1577 1123 1628 nuper
1145 1560 1210 1612 ad
1232 1562 1403 1612 aulam
1425 1563 1535 1623 ejus
1557 1563 1905 1628 Legationem

331 1640 509 1692 obiret
530 1674 547 1700 ‚
591 1637 863 1705 privilegio
879 1634 1118 1701 fingulari
1138 1672 1154 1694 ‚
1191 1634 1256 1684 ad
1281 1636 1649 1700 vigintiannos
1663 1636 1910 1697 extense,

335 1716 386 1766 ὃ(
402 1715 582 1781 vigore
596 1711 790 1778 publici
804 1709 1134 1759 instrumenti
1147 1706 1294 1772 super
1309 1706 1405 1757 hac
1418 1721 1471 1757 re
1488 1705 1719 1763 Caesarei,
1749 1711 1804 1760 in
1820 1723 1909 1762 me

332 1801 593 1853 meosque
620 1784 913 1850 benigniter
946 1781 1182 1831 derivato
1202 1811 1218 1834 ‚
1259 1777 1407 1831 ficuti
1425 1779 1519 1832 suo
1541 1782 1669 1832 loco
1697 1781 1928 1834 uberius·

334 1875 557 1912 monete
570 1857 706 1909 haud
718 1853 1006 1906 omisimus.
1071 1855 1437 1919 Qapropter‚
1482 1869 1603 1907 cum
1619 1855 1681 1906 ad
1693 1870 1912 1922 promo-

334 1933 560 1987 vendam
590 1930 917 1982 residuorum
954 1928 1495 1990 meditamentorum,
1530 1943 1645 1980 non
1674 1942 1782 1981 tam
1809 1930 1913 1982 ela-

338 2007 680 2059 borationem
697 2041 712 2063 ,
752 2001 1055 2068 quaejamin
1079 2015 1299 2068 promtu
1314 2000 1412 2064 est,
1439 2002 1599 2069 quam
1618 2004 1913 2070 pleniorem

336 2080 553 2133 illorum
585 2076 897 2131 revifionem
925 2108 943 2131 ‚
1002 2091 1188 2128 vacuas
1210 2076 1366 2127 horas
1400 2077 1704 2145 impendere
1725 2089 1911 2135 autor,

338 2153 574 2206 benivoli
599 2150 832 2204 Lestoris
847 2150 1146 2202 commodo
1168 2146 1509 2203 deditiffimus
1523 2187 1538 2211 ,
1579 2152 1810 2202 omnino
1825 2151 1915 2202 de-

339 2228 586 2281 creverit,
622 2225 865 2294 proximo
881 2225 1071 2291 quovis
1091 2236 1363 2291 tempore,
1399 2225 1543 2291 plura
1564 2225 1737 2292 magni
1756 2224 1915 2287 hujus

346 2302 611 2351 momenti
634 2299 816 2365 scripta
844 2298 1021 2350 licebit
1050 2298 1336 2367 expectate.
1410 2299 1693 2349 Maximam
1718 2300 1914 2366 quippe

348 2374 721 2424 recreationem
747 2410 763 2434 ,
811 2387 969 2439 quam
1003 2372 1088 2424 alii
1103 2387 1200 2439 pro
1223 2374 1398 2426 nativa
1418 2373 1599 2424 indole
1623 2385 1714 2424 aut
1735 2371 1912 2424 adsue-

348 2445 794 2516 tudinelongioti,
822 2461 995 2502 rerum
1010 2447 1138 2501 item
1153 2446 1359 2502 suarum
1370 2447 1683 2503 conditione
1701 2480 1720 2512 ‚
1761 2458 1910 2500 caete-

1838 2532 1906 2571 ris
