2107 2860
380 329 644 380 Corneliae
677 324 741 376 cle
772 318 902 374 falsis
933 328 1225 368 coercetur.
1245 313 1279 370 l,
1299 315 1387 386 lege
1404 332 1473 376 30·
1499 312 1776 387 ibi:signum
1795 319 1968 374 adulte.

377 406 530 455 rmum
558 411 618 455 D,
647 399 700 450 de
730 399 760 447 l.
784 393 950 446 Cornel.
973 390 1026 440 de
1035 387 1146 458 fala.
1183 401 1211 438 ι.
1239 391 1581 456 instrumentum
1601 408 1662 446 ιο.
1689 395 1736 452 §.
1756 394 1912 442 Paulus
1931 413 1970 445 t.

374 475 466 528 ibi:
491 472 642 526 aliave}
662 476 711 522 in
728 487 775 520 rc
793 477 853 517 D.
876 464 982 515 diii.
1007 466 1088 520 tit.
1168 463 1323 515 Unde
1342 464 1577 533 praetoris
1600 465 1830 516 nomine
1852 466 1970 519 lite.

376 566 453 600 ras
476 547 615 598 falsas
639 540 892 604 reddens,
923 553 1080 609 poena
1101 535 1167 589 de
1195 535 1326 591 falsis
1349 539 1634 609 obligatur.
1650 555 1730 612 per
1752 542 1876 613 Aqui
1897 560 1968 600 25-

368 632 429 675 D.
456 623 568 674 dit-1¹.
590 623 666 674 tit.
1073 612 1077 616 ⁴

521 712 562 751 2.
648 689 879 743 Proinde
916 691 1178 742 terminus
1211 685 1361 742 falsus
1394 704 1508 741 non
1554 688 1742 741 tribuit
1783 685 1969 758 poffes·

367 768 568 821 fionem
596 786 611 830 3
644 765 789 817 sicuti
828 782 887 815 ex
922 765 1194 817 contrastu
1230 764 1474 816 simulato
1507 779 1622 816 non
1659 764 1835 815 transst
1868 763 1968 814 do-

364 846 598 896 minium
621 856 701 912 per
730 841 762 895 l.
790 859 847 892 ex
877 844 1012 893 mitio
1031 852 1096 898 18.
1120 839 1185 893 ibi
1199 838 1360 910 :fizlsus
1378 841 1613 892 terminus.
1636 847 1682 889 C.
1705 839 1770 890 ad
1786 839 1817 890 l.
1837 848 1966 891 Corn.

367 918 421 970 de
443 913 550 985 faffi
578 916 717 968 Paria
740 932 974 984 namque
1000 916 1141 978 sunt,
1163 915 1370 966 nullum
1398 913 1590 965 habere
1611 913 1861 976 titulum,
1882 915 1967 966 vel

365 992 558 1044 habere
578 991 827 1055 titulum,
852 991 920 1042 ast
945 991 1272 1053 invalidum3
1298 989 1529 1044 farinae.
1553 992 1605 1040 in
1628 991 1804 1044 crimin.
1821 988 1967 1061 quaest.

366 1077 458 1119 162.
478 1085 603 1121 num.
623 1084 702 1131 27.
725 1065 783 1125 ό*
795 1066 919 1139 fiqq.
940 1068 1086 1131 Joan.
1114 1071 1472 1118 Brunneman.
1489 1064 1553 1116 ad
1569 1064 1680 1116 diii.
1701 1064 1782 1136 leg.
1803 1062 1963 1115 abini-

362 1145 445 1195 tio.
473 1151 537 1194 18.
568 1145 619 1192 in
642 1141 729 1205 fin.
807 1145 939 1193 Sane
967 1143 1106 1208 juxta
1145 1138 1559 1192 consuetudines
1597 1139 1862 1192 Britaniae:
1886 1140 1966 1212 qui

361 1219 565 1268 mettroit
580 1213 744 1284 fituffi’s
765 1225 923 1267 Bornes
937 1250 951 1277 ,
974 1216 1068 1266 doit
1089 1215 1194 1286 estre
1210 1220 1363 1289 paim]
1388 1236 1475 1268 com
1483 1234 1552 1269 me
1573 1222 1762 1272 Larron,
1840 1217 1962 1266 Hoc

363 1289 459 1343 est.-
477 1292 512 1341 is
533 1294 610 1363 qui
621 1288 754 1359 fhlsos
770 1293 985 1341 terminos
1003 1305 1180 1362 apponit
1194 1327 1207 1348 ,
1229 1307 1445 1363 tanquam
1467 1291 1548 1358 fur
1571 1294 1781 1362 punitur,
1809 1287 1963 1361 &pce-

362 1385 420 1418 na
425 1365 553 1435 furti
572 1379 773 1426 tenetur,
799 1369 960 1421 Bertr.
985 1370 1253 1433 Argentrae
1275 1366 1338 1415 ad
1353 1365 1532 1434 const'tet.
1559 1370 1737 1419 Britan.
1757 1380 1847 1416 art.
1862 1382 1962 1424 590,

362 1460 536 1498 numa.
615 1441 797 1489 Numa
810 1442 938 1490 Pom
949 1437 1279 1508 piliu5,falsos
1298 1441 1556 1490 terminos
1575 1453 1834 1507 ponentes
1850 1452 1965 1489 tan-

363 1532 522 1584 quam
558 1512 831 1584 sacrilegos
863 1516 1195 1565 coercendos
1228 1510 1324 1564 esse
1345 1513 1544 1564 censuit
1563 1513 1703 1583 apud
1731 1514 1963 1564 Halicar-

359 1589 490 1646 nass.
510 1600 694 1646 Roman,
714 1591 928 1662 antiquit.
954 1587 1029 1641 lib.
1060 1608 1105 1639 2.
1124 1592 1174 1640 in
1196 1598 1343 1639 Numa
1354 1587 1437 1657 fot.
1457 1608 1517 1643 m,
1535 1607 1614 1649 72.
1692 1590 1963 1641 Caeterum

356 1666 616 1731 quoniam
643 1663 1042 1732 deportationes
1067 1664 1122 1713 in
1149 1664 1369 1714 insulam
1396 1662 1847 1730 &publicationes
1864 1661 1962 1713 bo·

356 1756 555 1790 norum
583 1737 990 1801 obsoleverunt,
1014 1737 1214 1789 idcireo
1232 1754 1385 1808 poena
1399 1736 1581 1798 fam&
1595 1738 1844 1805 ponentis
1860 1751 1961 1788 ter-

355 1815 536 1865 minos
558 1813 887 1865 adulterinos
911 1813 1179 1864 arbitraria
1196 1813 1475 1879 judicatur.
1489 1811 1657 1878 constit.
1673 1813 1958 1867 Carolicrim,

356 1904 447 1941 art.
481 1907 570 1944 112.
612 1887 796 1940 Clarus
819 1890 869 1939 in
891 1891 1016 1939 crim.
1037 1887 1089 1956 §.
1106 1886 1265 1958 fhlstcm
1281 1906 1406 1939 num.
1428 1904 1499 1944 4ο.
1524 1887 1778 1938 Menoch.
1802 1906 1846 1937 2.
1870 1896 1958 1940 Ar-

357 1960 517 2021 bitrar,
537 1968 617 2034 caſs
642 1974 746 2024 306.
770 1965 923 2015 Perez
949 1965 997 2017 &
1025 1964 1240 2014 Tulden
1257 1967 1307 2015 in
1331 1963 1438 2015 Cod.
1459 1965 1535 2015 tit.
1561 1962 1615 2015 de
1626 1962 1733 2034 fals.
1748 1980 1874 2017 num.
1889 1970 1956 2015 18.

1046 2045 1085 2095 ς.
1153 2041 1260 2085 xv.

504 2120 543 2158 1.
616 2107 684 2154 Sit
704 2113 831 2155 Noni
853 2104 1090 2169 Conclufio.
1118 2105 1578 2156 Poenaamotionis
1595 2105 1957 2157 terminorum

359 2191 471 2226 non
512 2178 681 2230 solum
711 2180 894 2230 locum
929 2179 1088 2231 habet
1113 2195 1300 2231 contra
1331 2179 1500 2249 ipsum
1530 2181 1875 2249 principalem
1905 2198 1956 2232 a..

359 2265 671 2304 moventem
686 2289 701 2315 ‚
727 2253 813 2304 sed
835 2254 993 2305 etiam
1015 2270 1165 2306 contra
1187 2274 1311 2316 etim,
1331 2254 1838 2326 quimandatoalterius‚
1854 2268 1956 2306 ter-

359 2323 539 2404 minos
566 2327 769 2379 invadit
798 2331 846 2381 &
869 2328 1064 2382 turbat.
1080 2346 1160 2401 per
1181 2345 1295 2381 text.
1315 2333 1366 2381 in
1388 2331 1417 2381 l.
1438 2331 1581 2381 divus
1602 2350 1642 2384 2.
1659 2328 1751 2381 ibi.-
1774 2329 1808 2380 si
1825 2331 1954 2382 verb

359 2397 446 2445 alu
479 2403 762 2465 negocium
794 2401 1065 2472 gesserant.
1094 2413 1154 2457 D·
1184 2406 1237 2455 cle
1253 2408 1432 2458 termin.
1459 2420 1567 2456 mot.
1592 2404 1684 2455 ubi
1712 2406 1954 2472 expressis

360 2470 531 2520 verbis
566 2475 810 2543 rescripsit
838 2479 1008 2531 Divus
1035 2476 1359 2531 Hadrianus:
1389 2479 1557 2551 de
1582 2478 1615 2530 fi
1640 2482 1693 2530 in
1710 2480 1955 2530 terminis

358 2547 645 2597 movendis
672 2551 718 2598 &
741 2554 1026 2605 evellendis
1049 2555 1135 2604 alii
1162 2554 1443 2622 negotium
1469 2550 1759 2624 gefferunt,
1783 2557 1832 2606 &
1856 2555 1956 2604 mi-

361 2619 572 2673 nisterio
612 2621 777 2675 funsti
810 2624 925 2678 sunt
947 2667 963 2693 ‚
997 2629 1303 2682 verberibus
1339 2626 1622 2700 castigandi
1659 2632 1710 2682 &
1731 2628 1797 2680 ad
1821 2644 1958 2694 opus

1785 2701 1962 2775 publi‘.
